Timestamp,Instrument,Bid Price,Bid Volume,Ask Price,Ask Volume,TODO
08:30:07,SP-FUTURE,3033.0,2158,3033.0,715,NOTHING
08:30:08,SP-FUTURE,3033.0,970,3033.0,1903,NOTHING
08:30:09,SP-FUTURE,3033.0,2444,3033.0,429,NOTHING
08:30:09,SP-FUTURE,3033.0,2402,3033.0,471,NOTHING
08:30:10,SP-FUTURE,3033.0,2451,3033.0,422,NOTHING
08:30:11,SP-FUTURE,3033.0,1434,3033.0,1439,NOTHING
08:30:12,SP-FUTURE,3033.0,100,3034.0,2773,NOTHING
08:30:14,SP-FUTURE,3033.0,201,3033.0,2672,NOTHING
08:30:15,SP-FUTURE,3033.0,2615,3033.0,258,NOTHING
08:30:16,SP-FUTURE,3035.0,2693,3035.0,180,NOTHING
08:30:18,SP-FUTURE,3037.0,2656,3037.0,217,NOTHING
08:30:18,SP-FUTURE,3036.0,1038,3037.0,1835,NOTHING
08:30:19,SP-FUTURE,3036.0,1985,3037.0,888,NOTHING
08:30:20,SP-FUTURE,3036.0,2676,3036.0,197,NOTHING
08:30:22,SP-FUTURE,3036.0,1806,3036.0,1067,NOTHING
08:30:23,SP-FUTURE,3039.0,1574,3039.0,1299,NOTHING
08:30:24,SP-FUTURE,3039.0,1738,3039.0,1135,NOTHING
08:30:25,SP-FUTURE,3039.0,372,3040.0,2501,NOTHING
08:30:25,SP-FUTURE,3040.0,2702,3040.0,171,NOTHING
08:30:26,SP-FUTURE,3040.0,2406,3040.0,467,NOTHING
08:30:27,SP-FUTURE,3040.0,1119,3040.0,1754,NOTHING
08:30:28,SP-FUTURE,3039.0,2191,3040.0,682,NOTHING
08:30:29,SP-FUTURE,3039.0,2372,3039.0,501,NOTHING
08:30:29,SP-FUTURE,3039.0,2271,3039.0,602,NOTHING
08:30:31,SP-FUTURE,3039.0,2864,3039.0,9,NOTHING
08:30:32,SP-FUTURE,3039.0,37,3040.0,2836,NOTHING
08:30:33,SP-FUTURE,3039.0,526,3040.0,2347,NOTHING
08:30:34,SP-FUTURE,3040.0,901,3040.0,1972,NOTHING
08:30:35,SP-FUTURE,3040.0,2169,3040.0,704,NOTHING
08:30:36,SP-FUTURE,3040.0,1543,3040.0,1330,NOTHING
08:30:37,SP-FUTURE,3040.0,2260,3040.0,613,NOTHING
08:30:39,SP-FUTURE,3040.0,2758,3040.0,115,NOTHING
08:30:39,SP-FUTURE,3040.0,403,3040.0,2470,NOTHING
08:30:40,SP-FUTURE,3039.0,2488,3040.0,385,NOTHING
08:30:40,SP-FUTURE,3039.0,2489,3040.0,384,NOTHING
08:30:41,SP-FUTURE,3039.0,877,3039.0,1996,NOTHING
08:30:42,SP-FUTURE,3039.0,1180,3039.0,1693,NOTHING
08:30:43,SP-FUTURE,3039.0,1115,3039.0,1758,NOTHING
08:30:44,SP-FUTURE,3039.0,2655,3039.0,218,NOTHING
08:30:45,SP-FUTURE,3039.0,79,3039.0,2794,NOTHING
08:30:46,SP-FUTURE,3039.0,1806,3039.0,1067,NOTHING
08:30:47,SP-FUTURE,3038.0,924,3038.0,1949,NOTHING
08:30:47,SP-FUTURE,3038.0,322,3039.0,2551,NOTHING
08:30:48,SP-FUTURE,3039.0,1853,3039.0,1020,NOTHING
08:30:49,SP-FUTURE,3038.0,2217,3039.0,656,NOTHING
08:30:50,SP-FUTURE,3038.0,495,3038.0,2378,NOTHING
08:30:51,SP-FUTURE,3038.0,1685,3038.0,1188,NOTHING
08:30:51,SP-FUTURE,3038.0,1483,3038.0,1390,NOTHING
08:30:52,SP-FUTURE,3038.0,1235,3038.0,1638,NOTHING
08:30:53,SP-FUTURE,3038.0,1265,3038.0,1608,NOTHING
08:30:54,SP-FUTURE,3038.0,1659,3038.0,1214,NOTHING
08:30:54,SP-FUTURE,3038.0,2238,3038.0,635,NOTHING
08:30:54,SP-FUTURE,3038.0,1952,3038.0,921,NOTHING
08:30:55,SP-FUTURE,3038.0,1964,3038.0,909,NOTHING
08:30:55,SP-FUTURE,3038.0,1867,3038.0,1006,NOTHING
08:30:56,SP-FUTURE,3038.0,1879,3038.0,994,NOTHING
08:30:57,SP-FUTURE,3038.0,1214,3038.0,1659,NOTHING
08:30:58,SP-FUTURE,3038.0,661,3039.0,2212,NOTHING
08:30:59,SP-FUTURE,3038.0,102,3039.0,2771,NOTHING
08:31:00,SP-FUTURE,3038.0,2242,3039.0,631,NOTHING
08:31:02,SP-FUTURE,3039.0,625,3039.0,2248,NOTHING
08:31:03,SP-FUTURE,3039.0,1459,3039.0,1414,NOTHING
08:31:05,SP-FUTURE,3039.0,146,3040.0,2727,NOTHING
08:31:05,SP-FUTURE,3039.0,405,3040.0,2468,NOTHING
08:31:06,SP-FUTURE,3040.0,2734,3040.0,139,NOTHING
08:31:07,SP-FUTURE,3040.0,1927,3040.0,946,NOTHING
08:31:08,SP-FUTURE,3040.0,213,3041.0,2660,NOTHING
08:31:09,SP-FUTURE,3040.0,212,3041.0,2661,NOTHING
08:31:10,SP-FUTURE,3040.0,848,3041.0,2025,NOTHING
08:31:11,SP-FUTURE,3040.0,770,3041.0,2103,NOTHING
08:31:12,SP-FUTURE,3041.0,2266,3041.0,607,NOTHING
08:31:13,SP-FUTURE,3041.0,1782,3041.0,1091,NOTHING
08:31:14,SP-FUTURE,3041.0,20,3041.0,2853,NOTHING
08:31:16,SP-FUTURE,3041.0,1288,3041.0,1585,NOTHING
08:31:17,SP-FUTURE,3041.0,1518,3041.0,1355,NOTHING
08:31:18,SP-FUTURE,3041.0,1957,3041.0,916,NOTHING
08:31:18,SP-FUTURE,3041.0,1828,3041.0,1045,NOTHING
08:31:19,SP-FUTURE,3041.0,1805,3041.0,1068,NOTHING
08:31:20,SP-FUTURE,3042.0,1419,3042.0,1454,NOTHING
08:31:21,SP-FUTURE,3041.0,359,3041.0,2514,NOTHING
08:31:23,SP-FUTURE,3041.0,219,3041.0,2654,NOTHING
08:31:23,SP-FUTURE,3041.0,734,3041.0,2139,NOTHING
08:31:24,SP-FUTURE,3041.0,939,3041.0,1934,NOTHING
08:31:26,SP-FUTURE,3041.0,128,3041.0,2745,NOTHING
08:31:27,SP-FUTURE,3041.0,1319,3042.0,1554,NOTHING
08:31:28,SP-FUTURE,3041.0,1617,3042.0,1256,NOTHING
08:31:29,SP-FUTURE,3041.0,2294,3041.0,579,NOTHING
08:31:30,SP-FUTURE,3040.0,2653,3041.0,220,NOTHING
08:31:31,SP-FUTURE,3040.0,2385,3040.0,488,NOTHING
08:31:32,SP-FUTURE,3040.0,652,3040.0,2221,NOTHING
08:31:33,SP-FUTURE,3040.0,486,3040.0,2387,NOTHING
08:31:34,SP-FUTURE,3039.0,1092,3040.0,1781,NOTHING
08:31:35,SP-FUTURE,3039.0,946,3040.0,1927,NOTHING
08:31:36,SP-FUTURE,3039.0,2121,3039.0,752,NOTHING
08:31:37,SP-FUTURE,3041.0,1288,3041.0,1585,NOTHING
08:31:40,SP-FUTURE,3041.0,1463,3041.0,1410,NOTHING
08:31:42,SP-FUTURE,3041.0,912,3041.0,1961,NOTHING
08:31:42,SP-FUTURE,3041.0,1032,3041.0,1841,NOTHING
08:31:44,SP-FUTURE,3041.0,1592,3041.0,1281,NOTHING
08:31:45,SP-FUTURE,3041.0,267,3042.0,2606,NOTHING
08:31:45,SP-FUTURE,3041.0,966,3042.0,1907,NOTHING
08:31:46,SP-FUTURE,3042.0,2251,3042.0,622,NOTHING
08:31:47,SP-FUTURE,3044.0,2443,3044.0,430,NOTHING
08:31:48,SP-FUTURE,3044.0,2764,3044.0,109,NOTHING
08:31:49,SP-FUTURE,3044.0,319,3045.0,2554,NOTHING
08:31:50,SP-FUTURE,3044.0,583,3045.0,2290,NOTHING
08:31:52,SP-FUTURE,3044.0,766,3044.0,2107,NOTHING
08:31:53,SP-FUTURE,3044.0,2402,3044.0,471,NOTHING
08:31:55,SP-FUTURE,3044.0,813,3044.0,2060,NOTHING
08:31:55,SP-FUTURE,3044.0,838,3044.0,2035,NOTHING
08:31:56,SP-FUTURE,3044.0,851,3044.0,2022,NOTHING
08:31:57,SP-FUTURE,3044.0,887,3044.0,1986,NOTHING
08:31:57,SP-FUTURE,3044.0,983,3044.0,1890,NOTHING
08:31:59,SP-FUTURE,3044.0,806,3044.0,2067,NOTHING
08:32:00,SP-FUTURE,3043.0,2033,3043.0,840,NOTHING
08:32:00,SP-FUTURE,3043.0,2455,3043.0,418,NOTHING
08:32:02,SP-FUTURE,3044.0,1678,3044.0,1195,NOTHING
08:32:02,SP-FUTURE,3043.0,1108,3043.0,1765,NOTHING
08:32:03,SP-FUTURE,3043.0,486,3043.0,2387,NOTHING
08:32:04,SP-FUTURE,3042.0,2043,3042.0,830,NOTHING
08:32:04,SP-FUTURE,3042.0,161,3042.0,2712,NOTHING
08:32:06,SP-FUTURE,3042.0,2464,3042.0,409,NOTHING
08:32:07,SP-FUTURE,3042.0,2375,3042.0,498,NOTHING
08:32:08,SP-FUTURE,3042.0,2682,3042.0,191,NOTHING
08:32:10,SP-FUTURE,3042.0,432,3043.0,2441,NOTHING
08:32:11,SP-FUTURE,3044.0,2679,3045.0,194,NOTHING
08:32:12,SP-FUTURE,3044.0,2484,3045.0,389,NOTHING
08:32:13,SP-FUTURE,3044.0,2447,3045.0,426,NOTHING
08:32:14,SP-FUTURE,3045.0,496,3045.0,2377,NOTHING
08:32:14,SP-FUTURE,3045.0,40,3045.0,2833,NOTHING
08:32:16,SP-FUTURE,3045.0,142,3045.0,2731,NOTHING
08:32:17,SP-FUTURE,3045.0,367,3045.0,2506,NOTHING
08:32:17,SP-FUTURE,3044.0,2536,3044.0,337,NOTHING
08:32:18,SP-FUTURE,3044.0,2714,3044.0,159,NOTHING
08:32:21,SP-FUTURE,3044.0,252,3044.0,2621,NOTHING
08:32:21,SP-FUTURE,3044.0,1577,3044.0,1296,NOTHING
08:32:22,SP-FUTURE,3044.0,886,3044.0,1987,NOTHING
08:32:23,SP-FUTURE,3044.0,1758,3044.0,1115,NOTHING
08:32:25,SP-FUTURE,3044.0,2223,3044.0,650,NOTHING
08:32:26,SP-FUTURE,3044.0,2393,3044.0,480,NOTHING
08:32:26,SP-FUTURE,3044.0,2391,3045.0,482,NOTHING
08:32:27,SP-FUTURE,3045.0,675,3045.0,2198,NOTHING
08:32:28,SP-FUTURE,3044.0,1062,3045.0,1811,NOTHING
08:32:29,SP-FUTURE,3044.0,2265,3045.0,608,NOTHING
08:32:30,SP-FUTURE,3044.0,1685,3045.0,1188,NOTHING
08:32:31,SP-FUTURE,3044.0,1352,3045.0,1521,NOTHING
08:32:32,SP-FUTURE,3044.0,1526,3045.0,1347,NOTHING
08:32:33,SP-FUTURE,3044.0,1776,3045.0,1097,NOTHING
08:32:35,SP-FUTURE,3046.0,1392,3046.0,1481,NOTHING
08:32:35,SP-FUTURE,3046.0,817,3046.0,2056,NOTHING
08:32:37,SP-FUTURE,3046.0,1988,3046.0,885,NOTHING
08:32:38,SP-FUTURE,3046.0,654,3046.0,2219,NOTHING
08:32:39,SP-FUTURE,3046.0,646,3046.0,2227,NOTHING
08:32:40,SP-FUTURE,3046.0,645,3046.0,2228,NOTHING
08:32:41,SP-FUTURE,3045.0,2663,3045.0,210,NOTHING
08:32:41,SP-FUTURE,3045.0,2574,3045.0,299,NOTHING
08:32:42,SP-FUTURE,3045.0,2318,3045.0,555,NOTHING
08:32:44,SP-FUTURE,3046.0,1096,3046.0,1777,NOTHING
08:32:45,SP-FUTURE,3046.0,1319,3046.0,1554,NOTHING
08:32:46,SP-FUTURE,3046.0,1311,3046.0,1562,NOTHING
08:32:47,SP-FUTURE,3046.0,1189,3046.0,1684,NOTHING
08:32:48,SP-FUTURE,3046.0,89,3046.0,2784,NOTHING
08:32:49,SP-FUTURE,3045.0,952,3046.0,1921,NOTHING
08:32:52,SP-FUTURE,3044.0,846,3045.0,2027,NOTHING
08:32:52,SP-FUTURE,3044.0,101,3045.0,2772,NOTHING
08:32:54,SP-FUTURE,3044.0,1140,3044.0,1733,NOTHING
08:32:55,SP-FUTURE,3043.0,2312,3044.0,561,NOTHING
08:32:56,SP-FUTURE,3043.0,658,3044.0,2215,NOTHING
08:32:57,SP-FUTURE,3043.0,447,3043.0,2426,NOTHING
08:32:58,SP-FUTURE,3043.0,2069,3043.0,804,NOTHING
08:33:00,SP-FUTURE,3043.0,868,3043.0,2005,NOTHING
08:33:01,SP-FUTURE,3043.0,1018,3043.0,1855,NOTHING
08:33:03,SP-FUTURE,3043.0,794,3043.0,2079,NOTHING
08:33:05,SP-FUTURE,3043.0,1781,3043.0,1092,NOTHING
08:33:06,SP-FUTURE,3042.0,396,3042.0,2477,NOTHING
08:33:07,SP-FUTURE,3042.0,64,3042.0,2809,NOTHING
08:33:08,SP-FUTURE,3042.0,80,3042.0,2793,NOTHING
08:33:09,SP-FUTURE,3042.0,17,3042.0,2856,NOTHING
08:33:11,SP-FUTURE,3041.0,172,3042.0,2701,NOTHING
08:33:12,SP-FUTURE,3041.0,2548,3041.0,325,NOTHING
08:33:13,SP-FUTURE,3041.0,2123,3041.0,750,NOTHING
08:33:14,SP-FUTURE,3041.0,2078,3041.0,795,NOTHING
08:33:15,SP-FUTURE,3041.0,2151,3041.0,722,NOTHING
08:33:17,SP-FUTURE,3041.0,2353,3041.0,520,NOTHING
08:33:18,SP-FUTURE,3041.0,1092,3041.0,1781,NOTHING
08:33:19,SP-FUTURE,3042.0,2464,3042.0,409,NOTHING
08:33:19,SP-FUTURE,3042.0,2356,3042.0,517,NOTHING
08:33:20,SP-FUTURE,3041.0,2423,3041.0,450,NOTHING
08:33:21,SP-FUTURE,3041.0,2239,3041.0,634,NOTHING
08:33:23,SP-FUTURE,3041.0,1233,3042.0,1640,NOTHING
08:33:23,SP-FUTURE,3041.0,1177,3042.0,1696,NOTHING
08:33:24,SP-FUTURE,3041.0,1917,3041.0,956,NOTHING
08:33:25,SP-FUTURE,3041.0,1901,3041.0,972,NOTHING
08:33:25,SP-FUTURE,3041.0,1514,3041.0,1359,NOTHING
08:33:27,SP-FUTURE,3042.0,182,3042.0,2691,NOTHING
08:33:29,SP-FUTURE,3042.0,1882,3042.0,991,NOTHING
08:33:30,SP-FUTURE,3042.0,2386,3042.0,487,NOTHING
08:33:31,SP-FUTURE,3042.0,1227,3042.0,1646,NOTHING
08:33:31,SP-FUTURE,3042.0,1739,3042.0,1134,NOTHING
08:33:32,SP-FUTURE,3042.0,1620,3042.0,1253,NOTHING
08:33:33,SP-FUTURE,3042.0,1730,3042.0,1143,NOTHING
08:33:34,SP-FUTURE,3042.0,1913,3042.0,960,NOTHING
08:33:36,SP-FUTURE,3042.0,92,3042.0,2781,NOTHING
08:33:37,SP-FUTURE,3042.0,291,3042.0,2582,NOTHING
08:33:38,SP-FUTURE,3042.0,125,3042.0,2748,NOTHING
08:33:39,SP-FUTURE,3042.0,14,3042.0,2859,NOTHING
08:33:40,SP-FUTURE,3042.0,398,3042.0,2475,NOTHING
08:33:42,SP-FUTURE,3042.0,2872,3042.0,2,NOTHING
08:33:43,SP-FUTURE,3042.0,413,3042.0,2461,NOTHING
08:33:43,SP-FUTURE,3042.0,2467,3042.0,407,NOTHING
08:33:44,SP-FUTURE,3042.0,626,3042.0,2248,NOTHING
08:33:46,SP-FUTURE,3042.0,1801,3042.0,1073,NOTHING
08:33:48,SP-FUTURE,3042.0,2289,3042.0,585,NOTHING
08:33:49,SP-FUTURE,3042.0,158,3043.0,2716,NOTHING
08:33:50,SP-FUTURE,3042.0,1534,3043.0,1340,NOTHING
08:33:50,SP-FUTURE,3042.0,2329,3043.0,545,NOTHING
08:33:50,SP-FUTURE,3043.0,211,3043.0,2663,NOTHING
08:33:51,SP-FUTURE,3043.0,1980,3043.0,894,NOTHING
08:33:52,SP-FUTURE,3043.0,27,3043.0,2847,NOTHING
08:33:53,SP-FUTURE,3043.0,2109,3043.0,765,NOTHING
08:33:53,SP-FUTURE,3042.0,1140,3042.0,1734,NOTHING
08:33:55,SP-FUTURE,3042.0,1143,3042.0,1731,NOTHING
08:33:56,SP-FUTURE,3042.0,2388,3042.0,486,NOTHING
08:33:57,SP-FUTURE,3042.0,2307,3042.0,567,NOTHING
08:33:58,SP-FUTURE,3043.0,1522,3043.0,1352,NOTHING
08:33:59,SP-FUTURE,3042.0,2688,3043.0,186,NOTHING
08:34:00,SP-FUTURE,3043.0,286,3043.0,2588,NOTHING
08:34:01,SP-FUTURE,3043.0,702,3043.0,2172,NOTHING
08:34:03,SP-FUTURE,3042.0,2748,3042.0,126,NOTHING
08:34:03,SP-FUTURE,3042.0,2021,3042.0,853,NOTHING
08:34:05,SP-FUTURE,3042.0,2017,3042.0,857,NOTHING
08:34:05,SP-FUTURE,3042.0,1817,3042.0,1057,NOTHING
08:34:05,SP-FUTURE,3042.0,2837,3042.0,37,NOTHING
08:34:06,SP-FUTURE,3041.0,2798,3042.0,76,NOTHING
08:34:07,SP-FUTURE,3040.0,1699,3041.0,1175,NOTHING
08:34:08,SP-FUTURE,3040.0,2724,3041.0,150,NOTHING
08:34:10,SP-FUTURE,3040.0,2366,3041.0,508,NOTHING
08:34:10,SP-FUTURE,3041.0,1087,3041.0,1787,NOTHING
08:34:11,SP-FUTURE,3041.0,173,3041.0,2701,NOTHING
08:34:12,SP-FUTURE,3041.0,98,3041.0,2776,NOTHING
08:34:13,SP-FUTURE,3040.0,1420,3040.0,1454,NOTHING
08:34:14,SP-FUTURE,3040.0,1430,3041.0,1444,NOTHING
08:34:15,SP-FUTURE,3040.0,1272,3040.0,1602,NOTHING
08:34:17,SP-FUTURE,3040.0,1490,3040.0,1384,NOTHING
08:34:17,SP-FUTURE,3040.0,2761,3041.0,113,NOTHING
08:34:18,SP-FUTURE,3040.0,2794,3041.0,80,NOTHING
08:34:20,SP-FUTURE,3040.0,102,3041.0,2772,NOTHING
08:34:21,SP-FUTURE,3041.0,945,3041.0,1929,NOTHING
08:34:22,SP-FUTURE,3039.0,858,3040.0,2016,NOTHING
08:34:23,SP-FUTURE,3039.0,733,3040.0,2141,NOTHING
08:34:24,SP-FUTURE,3039.0,1780,3039.0,1094,NOTHING
08:34:25,SP-FUTURE,3039.0,1994,3039.0,880,NOTHING
08:34:26,SP-FUTURE,3039.0,360,3039.0,2514,NOTHING
08:34:27,SP-FUTURE,3038.0,1664,3038.0,1210,NOTHING
08:34:27,SP-FUTURE,3038.0,1181,3038.0,1693,NOTHING
08:34:28,SP-FUTURE,3038.0,2774,3038.0,100,NOTHING
08:34:29,SP-FUTURE,3038.0,2869,3038.0,5,NOTHING
08:34:30,SP-FUTURE,3038.0,2318,3038.0,556,NOTHING
08:34:30,SP-FUTURE,3039.0,451,3039.0,2423,NOTHING
08:34:33,SP-FUTURE,3039.0,1999,3039.0,875,NOTHING
08:34:33,SP-FUTURE,3039.0,907,3039.0,1967,NOTHING
08:34:34,SP-FUTURE,3039.0,1881,3039.0,993,NOTHING
08:34:35,SP-FUTURE,3038.0,2333,3039.0,541,NOTHING
08:34:35,SP-FUTURE,3038.0,1706,3039.0,1168,NOTHING
08:34:37,SP-FUTURE,3039.0,419,3039.0,2455,NOTHING
08:34:38,SP-FUTURE,3039.0,415,3039.0,2459,NOTHING
08:34:38,SP-FUTURE,3039.0,2786,3039.0,88,NOTHING
08:34:39,SP-FUTURE,3038.0,2819,3039.0,55,NOTHING
08:34:39,SP-FUTURE,3038.0,886,3038.0,1988,NOTHING
08:34:41,SP-FUTURE,3038.0,579,3039.0,2295,NOTHING
08:34:42,SP-FUTURE,3038.0,1773,3039.0,1101,NOTHING
08:34:43,SP-FUTURE,3038.0,2777,3039.0,97,NOTHING
08:34:44,SP-FUTURE,3038.0,2402,3039.0,472,NOTHING
08:34:44,SP-FUTURE,3038.0,2154,3039.0,720,NOTHING
08:34:46,SP-FUTURE,3039.0,2842,3039.0,32,NOTHING
08:34:47,SP-FUTURE,3039.0,208,3039.0,2666,NOTHING
08:34:47,SP-FUTURE,3039.0,2483,3039.0,391,NOTHING
08:34:49,SP-FUTURE,3039.0,1471,3040.0,1403,NOTHING
08:34:50,SP-FUTURE,3039.0,966,3039.0,1908,NOTHING
08:34:51,SP-FUTURE,3039.0,804,3039.0,2070,NOTHING
08:34:52,SP-FUTURE,3040.0,1091,3040.0,1783,NOTHING
08:34:52,SP-FUTURE,3040.0,1276,3040.0,1598,NOTHING
08:34:52,SP-FUTURE,3040.0,549,3040.0,2325,NOTHING
08:34:53,SP-FUTURE,3040.0,464,3040.0,2410,NOTHING
08:34:54,SP-FUTURE,3042.0,1968,3042.0,906,NOTHING
08:34:55,SP-FUTURE,3042.0,1367,3043.0,1507,NOTHING
08:34:56,SP-FUTURE,3042.0,1310,3043.0,1564,NOTHING
08:34:57,SP-FUTURE,3042.0,2851,3043.0,23,NOTHING
08:34:59,SP-FUTURE,3042.0,2635,3043.0,239,NOTHING
08:34:59,SP-FUTURE,3042.0,2164,3043.0,710,NOTHING
08:35:00,SP-FUTURE,3042.0,2189,3043.0,685,NOTHING
08:35:01,SP-FUTURE,3041.0,64,3041.0,2810,NOTHING
08:35:02,SP-FUTURE,3040.0,2320,3041.0,554,NOTHING
08:35:03,SP-FUTURE,3040.0,2545,3041.0,329,NOTHING
08:35:04,SP-FUTURE,3040.0,2642,3041.0,232,NOTHING
08:35:04,SP-FUTURE,3040.0,2610,3041.0,264,NOTHING
08:35:05,SP-FUTURE,3040.0,2302,3041.0,572,NOTHING
08:35:06,SP-FUTURE,3040.0,1234,3040.0,1640,NOTHING
08:35:07,SP-FUTURE,3040.0,124,3041.0,2750,NOTHING
08:35:08,SP-FUTURE,3040.0,968,3040.0,1906,NOTHING
08:35:09,SP-FUTURE,3040.0,1162,3040.0,1712,NOTHING
08:35:10,SP-FUTURE,3040.0,2447,3040.0,427,NOTHING
08:35:10,SP-FUTURE,3040.0,1594,3040.0,1280,NOTHING
08:35:10,SP-FUTURE,3040.0,869,3040.0,2005,NOTHING
08:35:12,SP-FUTURE,3040.0,1337,3040.0,1537,NOTHING
08:35:12,SP-FUTURE,3039.0,2114,3040.0,760,NOTHING
08:35:13,SP-FUTURE,3040.0,377,3040.0,2497,NOTHING
08:35:14,SP-FUTURE,3039.0,2364,3040.0,510,NOTHING
08:35:15,SP-FUTURE,3039.0,1948,3040.0,926,NOTHING
08:35:17,SP-FUTURE,3039.0,1660,3040.0,1214,NOTHING
08:35:18,SP-FUTURE,3039.0,1568,3040.0,1306,NOTHING
08:35:19,SP-FUTURE,3039.0,1392,3040.0,1482,NOTHING
08:35:20,SP-FUTURE,3039.0,1501,3040.0,1373,NOTHING
08:35:21,SP-FUTURE,3039.0,1984,3040.0,890,NOTHING
08:35:22,SP-FUTURE,3040.0,2137,3040.0,737,NOTHING
08:35:24,SP-FUTURE,3039.0,2708,3040.0,166,NOTHING
08:35:25,SP-FUTURE,3040.0,1993,3040.0,881,NOTHING
08:35:26,SP-FUTURE,3040.0,79,3040.0,2795,NOTHING
08:35:27,SP-FUTURE,3041.0,837,3042.0,2037,NOTHING
08:35:28,SP-FUTURE,3040.0,2383,3040.0,491,NOTHING
08:35:28,SP-FUTURE,3040.0,2531,3040.0,343,NOTHING
08:35:29,SP-FUTURE,3040.0,2650,3040.0,224,NOTHING
08:35:30,SP-FUTURE,3040.0,880,3040.0,1994,NOTHING
08:35:30,SP-FUTURE,3039.0,2636,3040.0,238,NOTHING
08:35:31,SP-FUTURE,3039.0,2565,3040.0,309,NOTHING
08:35:31,SP-FUTURE,3039.0,602,3040.0,2272,NOTHING
08:35:32,SP-FUTURE,3040.0,1506,3040.0,1368,NOTHING
08:35:33,SP-FUTURE,3040.0,2708,3040.0,166,NOTHING
08:35:35,SP-FUTURE,3040.0,327,3040.0,2547,NOTHING
08:35:36,SP-FUTURE,3039.0,2006,3040.0,868,NOTHING
08:35:37,SP-FUTURE,3039.0,1979,3040.0,895,NOTHING
08:35:39,SP-FUTURE,3039.0,2251,3040.0,623,NOTHING
08:35:39,SP-FUTURE,3039.0,1872,3039.0,1002,NOTHING
08:35:40,SP-FUTURE,3039.0,2547,3039.0,327,NOTHING
08:35:42,SP-FUTURE,3039.0,1361,3040.0,1513,NOTHING
08:35:42,SP-FUTURE,3040.0,1220,3040.0,1654,NOTHING
08:35:43,SP-FUTURE,3040.0,2147,3040.0,727,NOTHING
08:35:46,SP-FUTURE,3040.0,631,3040.0,2243,NOTHING
08:35:47,SP-FUTURE,3040.0,1021,3040.0,1853,NOTHING
08:35:48,SP-FUTURE,3040.0,1274,3041.0,1600,NOTHING
08:35:49,SP-FUTURE,3040.0,1851,3041.0,1023,NOTHING
08:35:50,SP-FUTURE,3040.0,2024,3041.0,850,NOTHING
08:35:51,SP-FUTURE,3040.0,1979,3041.0,895,NOTHING
08:35:52,SP-FUTURE,3040.0,1908,3041.0,966,NOTHING
08:35:53,SP-FUTURE,3040.0,1805,3041.0,1069,NOTHING
08:35:53,SP-FUTURE,3040.0,1980,3041.0,894,NOTHING
08:35:53,SP-FUTURE,3041.0,940,3041.0,1934,NOTHING
08:35:54,SP-FUTURE,3041.0,689,3041.0,2185,NOTHING
08:35:56,SP-FUTURE,3041.0,2716,3041.0,158,NOTHING
08:35:56,SP-FUTURE,3041.0,2713,3041.0,161,NOTHING
08:35:57,SP-FUTURE,3041.0,402,3042.0,2472,NOTHING
08:35:59,SP-FUTURE,3041.0,2601,3041.0,273,NOTHING
08:36:00,SP-FUTURE,3041.0,1936,3041.0,938,NOTHING
08:36:02,SP-FUTURE,3041.0,1346,3041.0,1528,NOTHING
08:36:04,SP-FUTURE,3041.0,1731,3041.0,1143,NOTHING
08:36:05,SP-FUTURE,3042.0,98,3042.0,2776,NOTHING
08:36:06,SP-FUTURE,3042.0,22,3042.0,2852,NOTHING
08:36:06,SP-FUTURE,3042.0,2124,3042.0,750,NOTHING
08:36:07,SP-FUTURE,3042.0,2536,3042.0,338,NOTHING
08:36:08,SP-FUTURE,3042.0,2529,3043.0,345,NOTHING
08:36:08,SP-FUTURE,3042.0,2057,3043.0,817,NOTHING
08:36:09,SP-FUTURE,3040.0,391,3040.0,2483,NOTHING
08:36:09,SP-FUTURE,3040.0,272,3040.0,2602,NOTHING
08:36:11,SP-FUTURE,3040.0,1612,3040.0,1262,NOTHING
08:36:11,SP-FUTURE,3040.0,1674,3040.0,1200,NOTHING
08:36:13,SP-FUTURE,3038.0,114,3038.0,2760,NOTHING
08:36:14,SP-FUTURE,3037.0,286,3037.0,2588,NOTHING
08:36:15,SP-FUTURE,3038.0,2740,3038.0,134,NOTHING
08:36:16,SP-FUTURE,3038.0,2253,3038.0,621,NOTHING
08:36:17,SP-FUTURE,3036.0,956,3036.0,1918,NOTHING
08:36:17,SP-FUTURE,3036.0,2658,3036.0,216,NOTHING
08:36:18,SP-FUTURE,3035.0,1299,3035.0,1575,NOTHING
08:36:20,SP-FUTURE,3035.0,1241,3035.0,1633,NOTHING
08:36:21,SP-FUTURE,3035.0,1227,3035.0,1647,NOTHING
08:36:23,SP-FUTURE,3034.0,2673,3035.0,201,NOTHING
08:36:24,SP-FUTURE,3035.0,1410,3035.0,1464,NOTHING
08:36:26,SP-FUTURE,3036.0,629,3036.0,2245,NOTHING
08:36:26,SP-FUTURE,3036.0,1562,3036.0,1312,NOTHING
08:36:27,SP-FUTURE,3036.0,525,3036.0,2349,NOTHING
08:36:28,SP-FUTURE,3036.0,1392,3036.0,1482,NOTHING
08:36:29,SP-FUTURE,3036.0,1272,3036.0,1602,NOTHING
08:36:30,SP-FUTURE,3036.0,1656,3036.0,1218,NOTHING
08:36:31,SP-FUTURE,3036.0,1099,3036.0,1775,NOTHING
08:36:32,SP-FUTURE,3036.0,817,3036.0,2057,NOTHING
08:36:33,SP-FUTURE,3033.0,2551,3033.0,323,NOTHING
08:36:35,SP-FUTURE,3033.0,632,3033.0,2242,NOTHING
08:36:36,SP-FUTURE,3033.0,629,3033.0,2245,NOTHING
08:36:37,SP-FUTURE,3033.0,1410,3033.0,1464,NOTHING
08:36:38,SP-FUTURE,3033.0,1163,3033.0,1711,NOTHING
08:36:39,SP-FUTURE,3033.0,1159,3033.0,1715,NOTHING
08:36:40,SP-FUTURE,3033.0,1856,3033.0,1018,NOTHING
08:36:41,SP-FUTURE,3032.0,2052,3033.0,822,NOTHING
08:36:43,SP-FUTURE,3032.0,2107,3033.0,767,NOTHING
08:36:44,SP-FUTURE,3033.0,945,3033.0,1929,NOTHING
08:36:45,SP-FUTURE,3033.0,600,3033.0,2274,NOTHING
08:36:46,SP-FUTURE,3032.0,2086,3033.0,788,NOTHING
08:36:46,SP-FUTURE,3033.0,461,3033.0,2413,NOTHING
08:36:47,SP-FUTURE,3033.0,657,3033.0,2217,NOTHING
08:36:47,SP-FUTURE,3032.0,410,3033.0,2464,NOTHING
08:36:48,SP-FUTURE,3032.0,24,3033.0,2850,NOTHING
08:36:50,SP-FUTURE,3033.0,1159,3033.0,1715,NOTHING
08:36:51,SP-FUTURE,3032.0,1708,3033.0,1166,NOTHING
08:36:51,SP-FUTURE,3032.0,2258,3033.0,616,NOTHING
08:36:52,SP-FUTURE,3032.0,999,3032.0,1875,NOTHING
08:36:53,SP-FUTURE,3032.0,263,3032.0,2611,NOTHING
08:36:54,SP-FUTURE,3032.0,426,3032.0,2448,NOTHING
08:36:56,SP-FUTURE,3032.0,759,3032.0,2115,NOTHING
08:36:58,SP-FUTURE,3033.0,1693,3033.0,1181,NOTHING
08:36:58,SP-FUTURE,3033.0,2155,3033.0,719,NOTHING
08:36:59,SP-FUTURE,3033.0,2180,3033.0,694,NOTHING
08:36:59,SP-FUTURE,3033.0,896,3034.0,1978,NOTHING
08:37:00,SP-FUTURE,3033.0,1228,3033.0,1646,NOTHING
08:37:01,SP-FUTURE,3033.0,1229,3033.0,1645,NOTHING
08:37:01,SP-FUTURE,3033.0,1255,3033.0,1619,NOTHING
08:37:02,SP-FUTURE,3033.0,2684,3033.0,190,NOTHING
08:37:02,SP-FUTURE,3033.0,2691,3033.0,183,NOTHING
08:37:03,SP-FUTURE,3033.0,2035,3033.0,839,NOTHING
08:37:04,SP-FUTURE,3033.0,2045,3033.0,829,NOTHING
08:37:05,SP-FUTURE,3035.0,2435,3036.0,439,NOTHING
08:37:06,SP-FUTURE,3035.0,2803,3035.0,71,NOTHING
08:37:08,SP-FUTURE,3035.0,28,3035.0,2846,NOTHING
08:37:09,SP-FUTURE,3034.0,68,3034.0,2806,NOTHING
08:37:11,SP-FUTURE,3034.0,1790,3034.0,1084,NOTHING
08:37:11,SP-FUTURE,3034.0,857,3034.0,2017,NOTHING
08:37:13,SP-FUTURE,3034.0,863,3034.0,2011,NOTHING
08:37:14,SP-FUTURE,3034.0,1865,3034.0,1009,NOTHING
08:37:15,SP-FUTURE,3034.0,1868,3034.0,1006,NOTHING
08:37:16,SP-FUTURE,3034.0,2558,3034.0,316,NOTHING
08:37:17,SP-FUTURE,3034.0,2182,3034.0,692,NOTHING
08:37:18,SP-FUTURE,3034.0,2158,3034.0,716,NOTHING
08:37:19,SP-FUTURE,3034.0,1337,3035.0,1537,NOTHING
08:37:19,SP-FUTURE,3034.0,1237,3035.0,1637,NOTHING
08:37:20,SP-FUTURE,3034.0,133,3035.0,2741,NOTHING
08:37:22,SP-FUTURE,3034.0,2149,3034.0,725,NOTHING
08:37:24,SP-FUTURE,3034.0,1973,3034.0,901,NOTHING
08:37:25,SP-FUTURE,3034.0,1382,3035.0,1492,NOTHING
08:37:26,SP-FUTURE,3034.0,1130,3034.0,1744,NOTHING
08:37:27,SP-FUTURE,3034.0,1259,3034.0,1615,NOTHING
08:37:29,SP-FUTURE,3034.0,522,3034.0,2352,NOTHING
08:37:29,SP-FUTURE,3035.0,583,3035.0,2291,NOTHING
08:37:30,SP-FUTURE,3035.0,2269,3035.0,605,NOTHING
08:37:32,SP-FUTURE,3035.0,996,3035.0,1878,NOTHING
08:37:34,SP-FUTURE,3035.0,880,3035.0,1994,NOTHING
08:37:35,SP-FUTURE,3035.0,156,3035.0,2718,NOTHING
08:37:36,SP-FUTURE,3035.0,2357,3035.0,517,NOTHING
08:37:37,SP-FUTURE,3035.0,899,3035.0,1975,NOTHING
08:37:39,SP-FUTURE,3035.0,1159,3035.0,1715,NOTHING
08:37:40,SP-FUTURE,3035.0,1274,3035.0,1600,NOTHING
08:37:41,SP-FUTURE,3035.0,1922,3035.0,952,NOTHING
08:37:42,SP-FUTURE,3033.0,2506,3034.0,368,NOTHING
08:37:42,SP-FUTURE,3033.0,1485,3034.0,1389,NOTHING
08:37:44,SP-FUTURE,3033.0,1081,3034.0,1793,NOTHING
08:37:45,SP-FUTURE,3033.0,760,3034.0,2114,NOTHING
08:37:47,SP-FUTURE,3033.0,1002,3034.0,1872,NOTHING
08:37:47,SP-FUTURE,3034.0,2077,3035.0,797,NOTHING
08:37:48,SP-FUTURE,3035.0,243,3036.0,2631,NOTHING
08:37:49,SP-FUTURE,3035.0,2748,3036.0,126,NOTHING
08:37:51,SP-FUTURE,3036.0,693,3036.0,2181,NOTHING
08:37:51,SP-FUTURE,3036.0,573,3036.0,2301,NOTHING
08:37:52,SP-FUTURE,3035.0,2848,3036.0,26,NOTHING
08:37:53,SP-FUTURE,3036.0,110,3036.0,2764,NOTHING
08:37:55,SP-FUTURE,3036.0,125,3036.0,2749,NOTHING
08:37:56,SP-FUTURE,3035.0,2785,3036.0,89,NOTHING
08:37:56,SP-FUTURE,3036.0,907,3036.0,1967,NOTHING
08:37:58,SP-FUTURE,3036.0,171,3036.0,2703,NOTHING
08:37:59,SP-FUTURE,3036.0,189,3036.0,2685,NOTHING
08:38:00,SP-FUTURE,3036.0,1093,3036.0,1781,NOTHING
08:38:02,SP-FUTURE,3036.0,483,3036.0,2391,NOTHING
08:38:03,SP-FUTURE,3036.0,479,3036.0,2395,NOTHING
08:38:03,SP-FUTURE,3036.0,479,3036.0,2395,NOTHING
08:38:05,SP-FUTURE,3033.0,404,3033.0,2470,NOTHING
08:38:05,SP-FUTURE,3032.0,1794,3033.0,1080,NOTHING
08:38:07,SP-FUTURE,3032.0,2614,3032.0,260,NOTHING
08:38:07,SP-FUTURE,3032.0,1686,3032.0,1188,NOTHING
08:38:08,SP-FUTURE,3032.0,1228,3032.0,1646,NOTHING
08:38:10,SP-FUTURE,3031.0,2747,3032.0,127,NOTHING
08:38:10,SP-FUTURE,3032.0,125,3032.0,2749,NOTHING
08:38:11,SP-FUTURE,3032.0,533,3032.0,2341,NOTHING
08:38:12,SP-FUTURE,3031.0,2435,3031.0,439,NOTHING
08:38:13,SP-FUTURE,3031.0,2104,3031.0,770,NOTHING
08:38:14,SP-FUTURE,3031.0,2174,3031.0,700,NOTHING
08:38:15,SP-FUTURE,3031.0,1337,3032.0,1537,NOTHING
08:38:16,SP-FUTURE,3031.0,729,3031.0,2145,NOTHING
08:38:17,SP-FUTURE,3031.0,1873,3032.0,1001,NOTHING
08:38:19,SP-FUTURE,3031.0,115,3032.0,2759,NOTHING
08:38:20,SP-FUTURE,3031.0,2245,3032.0,629,NOTHING
08:38:22,SP-FUTURE,3032.0,2694,3032.0,180,NOTHING
08:38:24,SP-FUTURE,3032.0,2768,3032.0,106,NOTHING
08:38:24,SP-FUTURE,3032.0,1924,3032.0,950,NOTHING
08:38:25,SP-FUTURE,3032.0,1925,3032.0,949,NOTHING
08:38:26,SP-FUTURE,3033.0,1839,3033.0,1035,NOTHING
08:38:28,SP-FUTURE,3033.0,162,3033.0,2712,NOTHING
08:38:29,SP-FUTURE,3032.0,2826,3032.0,48,NOTHING
08:38:29,SP-FUTURE,3032.0,347,3032.0,2527,NOTHING
08:38:30,SP-FUTURE,3031.0,611,3032.0,2263,NOTHING
08:38:30,SP-FUTURE,3033.0,1615,3033.0,1259,NOTHING
08:38:31,SP-FUTURE,3032.0,797,3033.0,2077,NOTHING
08:38:31,SP-FUTURE,3033.0,2053,3033.0,821,NOTHING
08:38:32,SP-FUTURE,3033.0,1140,3033.0,1734,NOTHING
08:38:33,SP-FUTURE,3032.0,1304,3032.0,1570,NOTHING
08:38:34,SP-FUTURE,3031.0,1878,3032.0,996,NOTHING
08:38:36,SP-FUTURE,3032.0,2591,3032.0,283,NOTHING
08:38:36,SP-FUTURE,3032.0,2618,3032.0,256,NOTHING
08:38:37,SP-FUTURE,3032.0,2542,3032.0,332,NOTHING
08:38:38,SP-FUTURE,3032.0,1547,3032.0,1327,NOTHING
08:38:39,SP-FUTURE,3031.0,2471,3032.0,403,NOTHING
08:38:41,SP-FUTURE,3031.0,2451,3032.0,423,NOTHING
08:38:42,SP-FUTURE,3032.0,2229,3033.0,645,NOTHING
08:38:43,SP-FUTURE,3032.0,2771,3033.0,103,NOTHING
08:38:44,SP-FUTURE,3032.0,910,3033.0,1964,NOTHING
08:38:45,SP-FUTURE,3032.0,2802,3032.0,72,NOTHING
08:38:47,SP-FUTURE,3032.0,2854,3032.0,20,NOTHING
08:38:48,SP-FUTURE,3032.0,2849,3032.0,25,NOTHING
08:38:49,SP-FUTURE,3032.0,12,3032.0,2862,NOTHING
08:38:50,SP-FUTURE,3032.0,7,3032.0,2867,NOTHING
08:38:51,SP-FUTURE,3032.0,2827,3032.0,47,NOTHING
08:38:53,SP-FUTURE,3032.0,1994,3032.0,880,NOTHING
08:38:54,SP-FUTURE,3032.0,2218,3032.0,656,NOTHING
08:38:56,SP-FUTURE,3032.0,2073,3032.0,801,NOTHING
08:38:57,SP-FUTURE,3032.0,669,3032.0,2205,NOTHING
08:38:58,SP-FUTURE,3032.0,36,3033.0,2838,NOTHING
08:38:59,SP-FUTURE,3032.0,968,3033.0,1906,NOTHING
08:38:59,SP-FUTURE,3032.0,2375,3033.0,499,NOTHING
08:39:00,SP-FUTURE,3032.0,2281,3033.0,593,NOTHING
08:39:01,SP-FUTURE,3032.0,1772,3032.0,1102,NOTHING
08:39:02,SP-FUTURE,3035.0,1690,3036.0,1184,NOTHING
08:39:04,SP-FUTURE,3035.0,1811,3035.0,1063,NOTHING
08:39:04,SP-FUTURE,3035.0,1162,3035.0,1712,NOTHING
08:39:05,SP-FUTURE,3035.0,1231,3035.0,1643,NOTHING
08:39:07,SP-FUTURE,3034.0,2379,3034.0,495,NOTHING
08:39:08,SP-FUTURE,3035.0,1563,3035.0,1311,NOTHING
08:39:10,SP-FUTURE,3035.0,1568,3035.0,1306,NOTHING
08:39:11,SP-FUTURE,3035.0,367,3035.0,2507,NOTHING
08:39:11,SP-FUTURE,3035.0,1738,3035.0,1136,NOTHING
08:39:13,SP-FUTURE,3034.0,1856,3034.0,1018,NOTHING
08:39:14,SP-FUTURE,3034.0,1899,3035.0,975,NOTHING
08:39:15,SP-FUTURE,3034.0,1977,3035.0,897,NOTHING
08:39:16,SP-FUTURE,3034.0,1496,3035.0,1378,NOTHING
08:39:17,SP-FUTURE,3034.0,444,3034.0,2430,NOTHING
08:39:19,SP-FUTURE,3034.0,444,3034.0,2430,NOTHING
08:39:21,SP-FUTURE,3034.0,1664,3034.0,1210,NOTHING
08:39:22,SP-FUTURE,3034.0,1028,3034.0,1846,NOTHING
08:39:22,SP-FUTURE,3034.0,1295,3034.0,1579,NOTHING
08:39:23,SP-FUTURE,3033.0,2779,3034.0,95,NOTHING
08:39:24,SP-FUTURE,3035.0,2350,3035.0,524,NOTHING
08:39:25,SP-FUTURE,3037.0,1111,3037.0,1763,NOTHING
08:39:25,SP-FUTURE,3037.0,1231,3037.0,1643,NOTHING
08:39:27,SP-FUTURE,3037.0,435,3038.0,2439,NOTHING
08:39:28,SP-FUTURE,3038.0,763,3038.0,2111,NOTHING
08:39:29,SP-FUTURE,3038.0,1035,3038.0,1839,NOTHING
08:39:30,SP-FUTURE,3038.0,1669,3038.0,1205,NOTHING
08:39:31,SP-FUTURE,3038.0,1487,3038.0,1387,NOTHING
08:39:33,SP-FUTURE,3040.0,761,3040.0,2113,NOTHING
08:39:35,SP-FUTURE,3040.0,403,3040.0,2471,NOTHING
08:39:35,SP-FUTURE,3040.0,357,3040.0,2517,NOTHING
08:39:36,SP-FUTURE,3041.0,2129,3041.0,745,NOTHING
08:39:37,SP-FUTURE,3041.0,272,3041.0,2602,NOTHING
08:39:39,SP-FUTURE,3041.0,421,3041.0,2453,NOTHING
08:39:39,SP-FUTURE,3041.0,2174,3041.0,700,NOTHING
08:39:40,SP-FUTURE,3041.0,1141,3041.0,1733,NOTHING
08:39:41,SP-FUTURE,3041.0,2761,3041.0,113,NOTHING
08:39:43,SP-FUTURE,3041.0,828,3041.0,2046,NOTHING
08:39:44,SP-FUTURE,3041.0,1483,3041.0,1391,NOTHING
08:39:45,SP-FUTURE,3041.0,66,3041.0,2808,NOTHING
08:39:46,SP-FUTURE,3041.0,2112,3041.0,762,NOTHING
08:39:47,SP-FUTURE,3040.0,423,3040.0,2451,NOTHING
08:39:48,SP-FUTURE,3040.0,791,3040.0,2083,NOTHING
08:39:49,SP-FUTURE,3040.0,823,3040.0,2051,NOTHING
08:39:51,SP-FUTURE,3040.0,1683,3040.0,1191,NOTHING
08:39:52,SP-FUTURE,3040.0,1943,3040.0,931,NOTHING
08:39:53,SP-FUTURE,3040.0,920,3040.0,1954,NOTHING
08:39:54,SP-FUTURE,3040.0,760,3040.0,2114,NOTHING
08:39:55,SP-FUTURE,3040.0,740,3040.0,2134,NOTHING
08:39:56,SP-FUTURE,3039.0,136,3040.0,2738,NOTHING
08:39:58,SP-FUTURE,3039.0,61,3040.0,2813,NOTHING
08:39:58,SP-FUTURE,3039.0,2793,3039.0,81,NOTHING
08:39:58,SP-FUTURE,3039.0,2526,3039.0,348,NOTHING
08:39:59,SP-FUTURE,3038.0,2535,3038.0,339,NOTHING
08:40:00,SP-FUTURE,3039.0,2017,3039.0,857,NOTHING
08:40:01,SP-FUTURE,3039.0,2006,3039.0,868,NOTHING
08:40:03,SP-FUTURE,3039.0,2505,3039.0,369,NOTHING
08:40:04,SP-FUTURE,3039.0,1548,3039.0,1326,NOTHING
08:40:04,SP-FUTURE,3039.0,1272,3039.0,1602,NOTHING
08:40:05,SP-FUTURE,3039.0,1434,3039.0,1440,NOTHING
08:40:06,SP-FUTURE,3039.0,395,3039.0,2479,NOTHING
08:40:07,SP-FUTURE,3039.0,559,3039.0,2315,NOTHING
08:40:08,SP-FUTURE,3039.0,1722,3039.0,1152,NOTHING
08:40:09,SP-FUTURE,3039.0,75,3039.0,2799,NOTHING
08:40:10,SP-FUTURE,3039.0,76,3039.0,2798,NOTHING
08:40:11,SP-FUTURE,3039.0,51,3039.0,2823,NOTHING
08:40:12,SP-FUTURE,3039.0,463,3039.0,2411,NOTHING
08:40:12,SP-FUTURE,3038.0,1839,3039.0,1035,NOTHING
08:40:13,SP-FUTURE,3038.0,1877,3039.0,997,NOTHING
08:40:14,SP-FUTURE,3037.0,61,3038.0,2813,NOTHING
08:40:14,SP-FUTURE,3037.0,574,3037.0,2300,NOTHING
08:40:15,SP-FUTURE,3036.0,2619,3036.0,255,NOTHING
08:40:17,SP-FUTURE,3036.0,74,3036.0,2800,NOTHING
08:40:17,SP-FUTURE,3036.0,772,3036.0,2102,NOTHING
08:40:18,SP-FUTURE,3036.0,1060,3037.0,1814,NOTHING
08:40:20,SP-FUTURE,3035.0,2576,3035.0,298,NOTHING
08:40:21,SP-FUTURE,3035.0,2736,3035.0,138,NOTHING
08:40:22,SP-FUTURE,3035.0,2741,3035.0,133,NOTHING
08:40:23,SP-FUTURE,3035.0,2773,3035.0,101,NOTHING
08:40:24,SP-FUTURE,3035.0,2768,3035.0,106,NOTHING
08:40:25,SP-FUTURE,3035.0,52,3036.0,2822,NOTHING
08:40:26,SP-FUTURE,3035.0,1478,3035.0,1396,NOTHING
08:40:28,SP-FUTURE,3035.0,2155,3035.0,719,NOTHING
08:40:29,SP-FUTURE,3035.0,2363,3035.0,511,NOTHING
08:40:30,SP-FUTURE,3034.0,1352,3034.0,1522,NOTHING
08:40:31,SP-FUTURE,3034.0,1504,3034.0,1370,NOTHING
08:40:33,SP-FUTURE,3034.0,738,3034.0,2136,NOTHING
08:40:33,SP-FUTURE,3034.0,1256,3034.0,1618,NOTHING
08:40:34,SP-FUTURE,3034.0,1531,3034.0,1343,NOTHING
08:40:36,SP-FUTURE,3037.0,1854,3037.0,1020,NOTHING
08:40:36,SP-FUTURE,3037.0,1569,3037.0,1305,NOTHING
08:40:38,SP-FUTURE,3037.0,2852,3037.0,22,NOTHING
08:40:39,SP-FUTURE,3036.0,1202,3036.0,1672,NOTHING
08:40:42,SP-FUTURE,3033.0,1675,3033.0,1199,NOTHING
08:40:43,SP-FUTURE,3033.0,10,3033.0,2864,NOTHING
08:40:44,SP-FUTURE,3033.0,1331,3033.0,1543,NOTHING
08:40:45,SP-FUTURE,3032.0,242,3033.0,2632,NOTHING
08:40:46,SP-FUTURE,3032.0,2860,3032.0,14,NOTHING
08:40:47,SP-FUTURE,3032.0,2800,3032.0,74,NOTHING
08:40:48,SP-FUTURE,3032.0,2044,3032.0,830,NOTHING
08:40:49,SP-FUTURE,3032.0,1178,3032.0,1696,NOTHING
08:40:49,SP-FUTURE,3032.0,1936,3032.0,938,NOTHING
08:40:49,SP-FUTURE,3032.0,741,3032.0,2133,NOTHING
08:40:51,SP-FUTURE,3032.0,877,3032.0,1997,NOTHING
08:40:52,SP-FUTURE,3032.0,189,3032.0,2685,NOTHING
08:40:53,SP-FUTURE,3032.0,1625,3032.0,1249,NOTHING
08:40:54,SP-FUTURE,3032.0,1616,3032.0,1258,NOTHING
08:40:54,SP-FUTURE,3032.0,1464,3032.0,1410,NOTHING
08:40:55,SP-FUTURE,3032.0,2772,3032.0,102,NOTHING
08:40:56,SP-FUTURE,3032.0,1219,3032.0,1655,NOTHING
08:40:57,SP-FUTURE,3032.0,977,3032.0,1897,NOTHING
08:40:58,SP-FUTURE,3031.0,2172,3031.0,702,NOTHING
08:40:59,SP-FUTURE,3031.0,2678,3031.0,196,NOTHING
08:40:59,SP-FUTURE,3031.0,1159,3032.0,1715,NOTHING
08:41:00,SP-FUTURE,3032.0,1680,3032.0,1194,NOTHING
08:41:02,SP-FUTURE,3032.0,119,3032.0,2755,NOTHING
08:41:03,SP-FUTURE,3032.0,740,3032.0,2134,NOTHING
08:41:04,SP-FUTURE,3032.0,804,3032.0,2070,NOTHING
08:41:05,SP-FUTURE,3033.0,346,3033.0,2528,NOTHING
08:41:06,SP-FUTURE,3033.0,288,3033.0,2586,NOTHING
08:41:07,SP-FUTURE,3032.0,2635,3033.0,239,NOTHING
08:41:08,SP-FUTURE,3033.0,9,3033.0,2865,NOTHING
08:41:10,SP-FUTURE,3033.0,360,3033.0,2514,NOTHING
08:41:11,SP-FUTURE,3032.0,1019,3032.0,1855,NOTHING
08:41:12,SP-FUTURE,3032.0,597,3032.0,2277,NOTHING
08:41:14,SP-FUTURE,3032.0,2700,3032.0,174,NOTHING
08:41:15,SP-FUTURE,3033.0,423,3034.0,2451,NOTHING
08:41:15,SP-FUTURE,3033.0,2457,3033.0,417,NOTHING
08:41:16,SP-FUTURE,3032.0,158,3032.0,2716,NOTHING
08:41:17,SP-FUTURE,3032.0,996,3032.0,1878,NOTHING
08:41:18,SP-FUTURE,3032.0,624,3032.0,2250,NOTHING
08:41:19,SP-FUTURE,3031.0,847,3032.0,2027,NOTHING
08:41:20,SP-FUTURE,3034.0,2811,3035.0,63,NOTHING
08:41:20,SP-FUTURE,3034.0,2337,3035.0,537,NOTHING
08:41:21,SP-FUTURE,3035.0,1074,3035.0,1800,NOTHING
08:41:22,SP-FUTURE,3035.0,2137,3035.0,737,NOTHING
08:41:23,SP-FUTURE,3035.0,1293,3035.0,1581,NOTHING
08:41:24,SP-FUTURE,3034.0,1135,3034.0,1739,NOTHING
08:41:25,SP-FUTURE,3034.0,1332,3034.0,1542,NOTHING
08:41:27,SP-FUTURE,3034.0,1647,3034.0,1227,NOTHING
08:41:29,SP-FUTURE,3033.0,1914,3033.0,960,NOTHING
08:41:30,SP-FUTURE,3034.0,429,3034.0,2445,NOTHING
08:41:31,SP-FUTURE,3034.0,289,3034.0,2585,NOTHING
08:41:31,SP-FUTURE,3033.0,72,3034.0,2802,NOTHING
08:41:33,SP-FUTURE,3033.0,26,3034.0,2848,NOTHING
08:41:34,SP-FUTURE,3033.0,2859,3033.0,15,NOTHING
08:41:35,SP-FUTURE,3033.0,257,3034.0,2617,NOTHING
08:41:36,SP-FUTURE,3033.0,284,3034.0,2590,NOTHING
08:41:38,SP-FUTURE,3033.0,2156,3034.0,718,NOTHING
08:41:39,SP-FUTURE,3033.0,118,3034.0,2756,NOTHING
08:41:41,SP-FUTURE,3033.0,383,3034.0,2491,NOTHING
08:41:41,SP-FUTURE,3033.0,227,3034.0,2647,NOTHING
08:41:42,SP-FUTURE,3033.0,1512,3033.0,1362,NOTHING
08:41:43,SP-FUTURE,3033.0,1953,3033.0,921,NOTHING
08:41:44,SP-FUTURE,3033.0,1641,3033.0,1233,NOTHING
08:41:45,SP-FUTURE,3033.0,502,3033.0,2372,NOTHING
08:41:45,SP-FUTURE,3035.0,603,3035.0,2271,NOTHING
08:41:46,SP-FUTURE,3035.0,2348,3035.0,526,NOTHING
08:41:47,SP-FUTURE,3035.0,2616,3035.0,258,NOTHING
08:41:48,SP-FUTURE,3033.0,2230,3033.0,644,NOTHING
08:41:49,SP-FUTURE,3033.0,1655,3033.0,1219,NOTHING
08:41:50,SP-FUTURE,3033.0,2487,3033.0,387,NOTHING
08:41:51,SP-FUTURE,3033.0,594,3033.0,2280,NOTHING
08:41:52,SP-FUTURE,3033.0,365,3033.0,2509,NOTHING
08:41:53,SP-FUTURE,3034.0,1054,3034.0,1820,NOTHING
08:41:53,SP-FUTURE,3034.0,1248,3034.0,1626,NOTHING
08:41:54,SP-FUTURE,3033.0,340,3033.0,2534,NOTHING
08:41:55,SP-FUTURE,3033.0,2852,3033.0,22,NOTHING
08:41:56,SP-FUTURE,3033.0,48,3034.0,2826,NOTHING
08:41:58,SP-FUTURE,3033.0,2840,3033.0,34,NOTHING
08:41:59,SP-FUTURE,3034.0,413,3034.0,2461,NOTHING
08:41:59,SP-FUTURE,3034.0,1083,3034.0,1791,NOTHING
08:42:01,SP-FUTURE,3034.0,681,3034.0,2193,BUY
08:42:02,SP-FUTURE,3034.0,2086,3034.0,788,BUY
08:42:02,SP-FUTURE,3034.0,1630,3034.0,1244,BUY
08:42:02,SP-FUTURE,3034.0,1741,3034.0,1133,BUY
08:42:03,SP-FUTURE,3034.0,2573,3034.0,301,BUY
08:42:03,SP-FUTURE,3034.0,2248,3034.0,626,BUY
08:42:04,SP-FUTURE,3034.0,2240,3034.0,634,BUY
08:42:05,SP-FUTURE,3034.0,222,3034.0,2652,BUY
08:42:07,SP-FUTURE,3034.0,240,3034.0,2634,BUY
08:42:08,SP-FUTURE,3034.0,488,3034.0,2386,BUY
08:42:09,SP-FUTURE,3033.0,2855,3034.0,19,BUY
08:42:09,SP-FUTURE,3031.0,1502,3031.0,1372,BUY
08:42:10,SP-FUTURE,3031.0,1587,3031.0,1287,BUY
08:42:11,SP-FUTURE,3031.0,240,3031.0,2634,BUY
08:42:12,SP-FUTURE,3031.0,1165,3031.0,1709,BUY
08:42:13,SP-FUTURE,3031.0,87,3032.0,2787,BUY
08:42:15,SP-FUTURE,3030.0,1349,3031.0,1525,BUY
08:42:17,SP-FUTURE,3030.0,1407,3031.0,1467,BUY
08:42:18,SP-FUTURE,3030.0,544,3031.0,2330,BUY
08:42:19,SP-FUTURE,3030.0,647,3031.0,2227,BUY
08:42:21,SP-FUTURE,3030.0,1288,3031.0,1586,BUY
08:42:22,SP-FUTURE,3030.0,1967,3030.0,907,BUY
08:42:22,SP-FUTURE,3030.0,140,3030.0,2734,BUY
08:42:24,SP-FUTURE,3030.0,1469,3030.0,1405,BUY
08:42:25,SP-FUTURE,3031.0,1409,3031.0,1465,BUY
08:42:25,SP-FUTURE,3031.0,1398,3031.0,1476,BUY
08:42:27,SP-FUTURE,3031.0,1042,3031.0,1832,BUY
08:42:27,SP-FUTURE,3031.0,1204,3031.0,1670,BUY
08:42:29,SP-FUTURE,3031.0,1250,3031.0,1624,BUY
08:42:30,SP-FUTURE,3030.0,2074,3030.0,800,BUY
08:42:31,SP-FUTURE,3030.0,1418,3031.0,1456,BUY
08:42:32,SP-FUTURE,3033.0,1281,3034.0,1593,BUY
08:42:33,SP-FUTURE,3033.0,1281,3034.0,1593,BUY
08:42:33,SP-FUTURE,3033.0,1283,3034.0,1591,BUY
08:42:35,SP-FUTURE,3033.0,1283,3034.0,1591,BUY
08:42:36,SP-FUTURE,3034.0,326,3034.0,2548,BUY
08:42:38,SP-FUTURE,3033.0,1664,3033.0,1210,BUY
08:42:39,SP-FUTURE,3033.0,859,3033.0,2015,BUY
08:42:40,SP-FUTURE,3033.0,655,3033.0,2219,BUY
08:42:41,SP-FUTURE,3034.0,436,3034.0,2438,BUY
08:42:42,SP-FUTURE,3034.0,427,3034.0,2447,BUY
08:42:43,SP-FUTURE,3034.0,309,3034.0,2565,BUY
08:42:44,SP-FUTURE,3034.0,300,3034.0,2574,BUY
08:42:45,SP-FUTURE,3034.0,2806,3034.0,68,BUY
08:42:46,SP-FUTURE,3034.0,1523,3034.0,1351,BUY
08:42:47,SP-FUTURE,3034.0,1862,3034.0,1012,BUY
08:42:48,SP-FUTURE,3034.0,2565,3034.0,309,BUY
08:42:49,SP-FUTURE,3035.0,953,3035.0,1921,BUY
08:42:51,SP-FUTURE,3036.0,1827,3036.0,1047,BUY
08:42:51,SP-FUTURE,3036.0,1784,3036.0,1090,BUY
08:42:52,SP-FUTURE,3036.0,441,3036.0,2433,BUY
08:42:53,SP-FUTURE,3036.0,2383,3036.0,491,BUY
08:42:54,SP-FUTURE,3036.0,2257,3036.0,617,BUY
08:42:54,SP-FUTURE,3036.0,857,3036.0,2017,BUY
08:42:55,SP-FUTURE,3036.0,1937,3036.0,937,BUY
08:42:56,SP-FUTURE,3036.0,1657,3037.0,1217,BUY
08:42:58,SP-FUTURE,3036.0,1794,3036.0,1080,BUY
08:42:59,SP-FUTURE,3036.0,1732,3036.0,1142,BUY
08:42:59,SP-FUTURE,3036.0,2859,3036.0,15,BUY
08:42:59,SP-FUTURE,3036.0,1128,3036.0,1746,BUY
08:43:00,SP-FUTURE,3036.0,1278,3036.0,1596,NOTHING
08:43:01,SP-FUTURE,3036.0,1039,3036.0,1835,NOTHING
08:43:03,SP-FUTURE,3036.0,1052,3036.0,1822,NOTHING
08:43:04,SP-FUTURE,3036.0,424,3036.0,2450,NOTHING
08:43:05,SP-FUTURE,3036.0,426,3036.0,2448,NOTHING
08:43:06,SP-FUTURE,3036.0,1645,3036.0,1229,NOTHING
08:43:06,SP-FUTURE,3036.0,1092,3036.0,1782,NOTHING
08:43:07,SP-FUTURE,3036.0,2534,3036.0,340,NOTHING
08:43:08,SP-FUTURE,3036.0,2573,3036.0,301,NOTHING
08:43:10,SP-FUTURE,3036.0,1749,3036.0,1125,NOTHING
08:43:10,SP-FUTURE,3036.0,1307,3036.0,1567,NOTHING
08:43:12,SP-FUTURE,3036.0,772,3036.0,2102,NOTHING
08:43:12,SP-FUTURE,3036.0,2163,3036.0,711,NOTHING
08:43:14,SP-FUTURE,3036.0,365,3036.0,2509,NOTHING
08:43:14,SP-FUTURE,3036.0,369,3036.0,2505,NOTHING
08:43:15,SP-FUTURE,3036.0,582,3036.0,2292,NOTHING
08:43:16,SP-FUTURE,3035.0,850,3035.0,2024,NOTHING
08:43:17,SP-FUTURE,3035.0,707,3035.0,2167,NOTHING
08:43:18,SP-FUTURE,3035.0,751,3035.0,2123,NOTHING
08:43:19,SP-FUTURE,3037.0,2663,3038.0,211,NOTHING
08:43:20,SP-FUTURE,3037.0,2810,3037.0,64,NOTHING
08:43:20,SP-FUTURE,3037.0,1589,3037.0,1285,NOTHING
08:43:23,SP-FUTURE,3037.0,1372,3037.0,1502,NOTHING
08:43:23,SP-FUTURE,3037.0,732,3037.0,2142,NOTHING
08:43:24,SP-FUTURE,3037.0,1143,3037.0,1731,NOTHING
08:43:25,SP-FUTURE,3037.0,1147,3037.0,1727,NOTHING
08:43:26,SP-FUTURE,3037.0,965,3037.0,1909,NOTHING
08:43:27,SP-FUTURE,3037.0,1957,3037.0,917,NOTHING
08:43:29,SP-FUTURE,3037.0,488,3038.0,2386,NOTHING
08:43:30,SP-FUTURE,3041.0,1064,3042.0,1810,NOTHING
08:43:32,SP-FUTURE,3044.0,1718,3044.0,1156,NOTHING
08:43:33,SP-FUTURE,3043.0,998,3043.0,1876,NOTHING
08:43:33,SP-FUTURE,3043.0,1175,3043.0,1699,NOTHING
08:43:34,SP-FUTURE,3043.0,1674,3043.0,1200,NOTHING
08:43:35,SP-FUTURE,3043.0,1257,3043.0,1617,NOTHING
08:43:36,SP-FUTURE,3043.0,805,3043.0,2069,NOTHING
08:43:36,SP-FUTURE,3044.0,1647,3044.0,1227,NOTHING
08:43:37,SP-FUTURE,3044.0,1661,3044.0,1213,NOTHING
08:43:39,SP-FUTURE,3044.0,2761,3044.0,113,NOTHING
08:43:41,SP-FUTURE,3043.0,91,3044.0,2783,NOTHING
08:43:42,SP-FUTURE,3043.0,357,3044.0,2517,NOTHING
08:43:43,SP-FUTURE,3046.0,947,3046.0,1927,NOTHING
08:43:44,SP-FUTURE,3045.0,290,3045.0,2584,NOTHING
08:43:46,SP-FUTURE,3045.0,275,3045.0,2599,NOTHING
08:43:47,SP-FUTURE,3045.0,1139,3045.0,1735,NOTHING
08:43:47,SP-FUTURE,3045.0,2058,3045.0,816,NOTHING
08:43:49,SP-FUTURE,3045.0,1125,3045.0,1749,NOTHING
08:43:50,SP-FUTURE,3045.0,624,3045.0,2250,NOTHING
08:43:52,SP-FUTURE,3045.0,820,3045.0,2054,NOTHING
08:43:52,SP-FUTURE,3045.0,879,3045.0,1995,NOTHING
08:43:53,SP-FUTURE,3045.0,2295,3045.0,579,NOTHING
08:43:54,SP-FUTURE,3045.0,735,3045.0,2139,NOTHING
08:43:55,SP-FUTURE,3046.0,469,3046.0,2405,NOTHING
08:43:56,SP-FUTURE,3047.0,884,3047.0,1990,NOTHING
08:43:57,SP-FUTURE,3046.0,359,3046.0,2515,NOTHING
08:43:59,SP-FUTURE,3046.0,305,3046.0,2569,NOTHING
08:44:00,SP-FUTURE,3046.0,456,3046.0,2418,NOTHING
08:44:01,SP-FUTURE,3046.0,456,3046.0,2418,NOTHING
08:44:03,SP-FUTURE,3046.0,489,3046.0,2385,NOTHING
08:44:03,SP-FUTURE,3047.0,233,3047.0,2641,NOTHING
08:44:05,SP-FUTURE,3047.0,693,3047.0,2181,NOTHING
08:44:06,SP-FUTURE,3047.0,1726,3047.0,1148,NOTHING
08:44:06,SP-FUTURE,3047.0,1710,3047.0,1164,NOTHING
08:44:07,SP-FUTURE,3047.0,259,3048.0,2615,NOTHING
08:44:09,SP-FUTURE,3047.0,223,3048.0,2651,NOTHING
08:44:09,SP-FUTURE,3047.0,1138,3048.0,1736,NOTHING
08:44:11,SP-FUTURE,3047.0,1528,3048.0,1346,NOTHING
08:44:12,SP-FUTURE,3048.0,545,3048.0,2329,NOTHING
08:44:13,SP-FUTURE,3047.0,2030,3048.0,844,NOTHING
08:44:14,SP-FUTURE,3049.0,1215,3049.0,1659,NOTHING
08:44:15,SP-FUTURE,3049.0,1152,3049.0,1722,NOTHING
08:44:17,SP-FUTURE,3049.0,1230,3049.0,1644,NOTHING
08:44:18,SP-FUTURE,3049.0,1065,3049.0,1809,NOTHING
08:44:20,SP-FUTURE,3049.0,447,3049.0,2427,NOTHING
08:44:21,SP-FUTURE,3049.0,273,3049.0,2601,NOTHING
08:44:23,SP-FUTURE,3049.0,225,3049.0,2649,NOTHING
08:44:23,SP-FUTURE,3049.0,437,3049.0,2437,NOTHING
08:44:25,SP-FUTURE,3048.0,1982,3049.0,892,NOTHING
08:44:26,SP-FUTURE,3047.0,750,3047.0,2124,NOTHING
08:44:27,SP-FUTURE,3047.0,1379,3047.0,1495,NOTHING
08:44:28,SP-FUTURE,3047.0,1381,3047.0,1493,NOTHING
08:44:29,SP-FUTURE,3047.0,2274,3047.0,600,NOTHING
08:44:30,SP-FUTURE,3047.0,2380,3048.0,494,NOTHING
08:44:31,SP-FUTURE,3049.0,2825,3049.0,49,NOTHING
08:44:34,SP-FUTURE,3049.0,2584,3049.0,290,NOTHING
08:44:35,SP-FUTURE,3049.0,650,3050.0,2224,NOTHING
08:44:36,SP-FUTURE,3049.0,364,3050.0,2510,NOTHING
08:44:37,SP-FUTURE,3049.0,2402,3049.0,472,NOTHING
08:44:38,SP-FUTURE,3049.0,1199,3049.0,1675,NOTHING
08:44:39,SP-FUTURE,3049.0,414,3049.0,2460,NOTHING
08:44:40,SP-FUTURE,3049.0,114,3050.0,2760,NOTHING
08:44:41,SP-FUTURE,3049.0,918,3049.0,1956,NOTHING
08:44:42,SP-FUTURE,3049.0,2494,3049.0,380,NOTHING
08:44:42,SP-FUTURE,3049.0,57,3049.0,2817,NOTHING
08:44:43,SP-FUTURE,3049.0,722,3049.0,2152,NOTHING
08:44:44,SP-FUTURE,3047.0,2492,3047.0,382,NOTHING
08:44:45,SP-FUTURE,3047.0,2628,3047.0,246,NOTHING
08:44:46,SP-FUTURE,3049.0,2767,3049.0,107,NOTHING
08:44:48,SP-FUTURE,3049.0,585,3049.0,2289,NOTHING
08:44:49,SP-FUTURE,3049.0,404,3049.0,2470,NOTHING
08:44:50,SP-FUTURE,3049.0,38,3049.0,2836,NOTHING
08:44:51,SP-FUTURE,3048.0,711,3048.0,2163,NOTHING
08:44:52,SP-FUTURE,3048.0,707,3048.0,2167,NOTHING
08:44:53,SP-FUTURE,3048.0,550,3048.0,2324,NOTHING
08:44:53,SP-FUTURE,3048.0,660,3048.0,2214,NOTHING
08:44:53,SP-FUTURE,3048.0,513,3049.0,2361,NOTHING
08:44:55,SP-FUTURE,3048.0,371,3048.0,2503,NOTHING
08:44:56,SP-FUTURE,3048.0,2635,3049.0,239,NOTHING
08:44:58,SP-FUTURE,3049.0,2118,3049.0,756,NOTHING
08:44:59,SP-FUTURE,3049.0,1043,3049.0,1831,NOTHING
08:45:00,SP-FUTURE,3049.0,605,3049.0,2269,NOTHING
08:45:02,SP-FUTURE,3048.0,53,3049.0,2821,NOTHING
08:45:03,SP-FUTURE,3048.0,35,3048.0,2839,NOTHING
08:45:03,SP-FUTURE,3048.0,509,3048.0,2365,NOTHING
08:45:03,SP-FUTURE,3048.0,2362,3048.0,512,NOTHING
08:45:04,SP-FUTURE,3048.0,2494,3048.0,380,NOTHING
08:45:05,SP-FUTURE,3049.0,107,3049.0,2767,NOTHING
08:45:06,SP-FUTURE,3049.0,2738,3050.0,136,NOTHING
08:45:06,SP-FUTURE,3050.0,2183,3050.0,691,NOTHING
08:45:07,SP-FUTURE,3050.0,2478,3050.0,396,NOTHING
08:45:07,SP-FUTURE,3050.0,2644,3050.0,230,NOTHING
08:45:08,SP-FUTURE,3050.0,1713,3050.0,1161,NOTHING
08:45:10,SP-FUTURE,3050.0,1773,3050.0,1101,NOTHING
08:45:12,SP-FUTURE,3051.0,2016,3051.0,858,NOTHING
08:45:12,SP-FUTURE,3051.0,1915,3051.0,959,NOTHING
08:45:13,SP-FUTURE,3051.0,1954,3051.0,920,NOTHING
08:45:14,SP-FUTURE,3051.0,1275,3051.0,1599,NOTHING
08:45:15,SP-FUTURE,3051.0,1198,3051.0,1676,NOTHING
08:45:15,SP-FUTURE,3051.0,1391,3051.0,1483,NOTHING
08:45:16,SP-FUTURE,3051.0,821,3051.0,2053,NOTHING
08:45:18,SP-FUTURE,3052.0,944,3052.0,1930,NOTHING
08:45:18,SP-FUTURE,3052.0,1066,3052.0,1808,NOTHING
08:45:19,SP-FUTURE,3052.0,1238,3052.0,1636,NOTHING
08:45:20,SP-FUTURE,3052.0,1196,3052.0,1678,NOTHING
08:45:22,SP-FUTURE,3052.0,762,3052.0,2112,NOTHING
08:45:24,SP-FUTURE,3052.0,881,3052.0,1993,NOTHING
08:45:25,SP-FUTURE,3052.0,1200,3052.0,1674,NOTHING
08:45:25,SP-FUTURE,3052.0,815,3052.0,2059,NOTHING
08:45:26,SP-FUTURE,3052.0,290,3052.0,2584,NOTHING
08:45:28,SP-FUTURE,3052.0,538,3052.0,2336,NOTHING
08:45:29,SP-FUTURE,3051.0,478,3051.0,2396,NOTHING
08:45:31,SP-FUTURE,3049.0,1836,3049.0,1038,NOTHING
08:45:32,SP-FUTURE,3049.0,1034,3049.0,1840,NOTHING
08:45:33,SP-FUTURE,3049.0,897,3049.0,1977,NOTHING
08:45:35,SP-FUTURE,3049.0,1779,3049.0,1095,NOTHING
08:45:36,SP-FUTURE,3049.0,48,3049.0,2826,NOTHING
08:45:38,SP-FUTURE,3049.0,1324,3049.0,1550,NOTHING
08:45:39,SP-FUTURE,3049.0,1093,3049.0,1781,NOTHING
08:45:40,SP-FUTURE,3049.0,974,3049.0,1900,NOTHING
08:45:42,SP-FUTURE,3049.0,2711,3049.0,163,NOTHING
08:45:43,SP-FUTURE,3049.0,835,3049.0,2039,NOTHING
08:45:44,SP-FUTURE,3049.0,2206,3050.0,668,NOTHING
08:45:45,SP-FUTURE,3049.0,2206,3050.0,668,NOTHING
08:45:45,SP-FUTURE,3049.0,2302,3050.0,572,NOTHING
08:45:45,SP-FUTURE,3049.0,2324,3049.0,550,NOTHING
08:45:47,SP-FUTURE,3049.0,2320,3049.0,554,NOTHING
08:45:47,SP-FUTURE,3049.0,2114,3049.0,760,NOTHING
08:45:47,SP-FUTURE,3049.0,602,3049.0,2272,NOTHING
08:45:49,SP-FUTURE,3049.0,411,3049.0,2463,NOTHING
08:45:50,SP-FUTURE,3049.0,444,3049.0,2430,NOTHING
08:45:51,SP-FUTURE,3049.0,85,3050.0,2789,NOTHING
08:45:52,SP-FUTURE,3049.0,1888,3049.0,986,NOTHING
08:45:54,SP-FUTURE,3048.0,1627,3048.0,1247,NOTHING
08:45:55,SP-FUTURE,3047.0,967,3047.0,1907,NOTHING
08:45:56,SP-FUTURE,3047.0,348,3047.0,2526,NOTHING
08:45:57,SP-FUTURE,3050.0,959,3050.0,1915,NOTHING
08:45:58,SP-FUTURE,3050.0,1133,3050.0,1741,NOTHING
08:45:59,SP-FUTURE,3050.0,734,3050.0,2140,NOTHING
08:45:59,SP-FUTURE,3049.0,2703,3050.0,171,NOTHING
08:46:00,SP-FUTURE,3050.0,344,3050.0,2530,NOTHING
08:46:02,SP-FUTURE,3050.0,782,3050.0,2092,NOTHING
08:46:03,SP-FUTURE,3050.0,314,3050.0,2560,NOTHING
08:46:05,SP-FUTURE,3050.0,532,3050.0,2342,NOTHING
08:46:06,SP-FUTURE,3050.0,1980,3050.0,894,NOTHING
08:46:06,SP-FUTURE,3049.0,1791,3050.0,1083,NOTHING
08:46:08,SP-FUTURE,3049.0,2537,3050.0,337,NOTHING
08:46:09,SP-FUTURE,3050.0,1344,3050.0,1530,NOTHING
08:46:10,SP-FUTURE,3050.0,923,3050.0,1951,NOTHING
08:46:12,SP-FUTURE,3050.0,822,3050.0,2052,NOTHING
08:46:13,SP-FUTURE,3050.0,2602,3050.0,272,NOTHING
08:46:15,SP-FUTURE,3050.0,2593,3050.0,281,NOTHING
08:46:16,SP-FUTURE,3050.0,2080,3050.0,794,NOTHING
08:46:17,SP-FUTURE,3051.0,1952,3051.0,922,NOTHING
08:46:17,SP-FUTURE,3050.0,2213,3050.0,661,NOTHING
08:46:18,SP-FUTURE,3050.0,733,3050.0,2141,NOTHING
08:46:20,SP-FUTURE,3049.0,2297,3049.0,577,NOTHING
08:46:20,SP-FUTURE,3049.0,1337,3049.0,1537,NOTHING
08:46:22,SP-FUTURE,3049.0,1684,3049.0,1190,NOTHING
08:46:23,SP-FUTURE,3049.0,1018,3049.0,1856,NOTHING
08:46:24,SP-FUTURE,3050.0,257,3050.0,2617,NOTHING
08:46:26,SP-FUTURE,3050.0,308,3050.0,2566,NOTHING
08:46:28,SP-FUTURE,3050.0,782,3050.0,2092,NOTHING
08:46:29,SP-FUTURE,3050.0,823,3050.0,2051,NOTHING
08:46:29,SP-FUTURE,3050.0,27,3051.0,2847,NOTHING
08:46:30,SP-FUTURE,3049.0,1462,3049.0,1412,NOTHING
08:46:30,SP-FUTURE,3049.0,2272,3049.0,602,NOTHING
08:46:31,SP-FUTURE,3049.0,2483,3050.0,391,NOTHING
08:46:32,SP-FUTURE,3048.0,1179,3049.0,1695,NOTHING
08:46:33,SP-FUTURE,3048.0,1207,3049.0,1667,NOTHING
08:46:35,SP-FUTURE,3049.0,334,3049.0,2540,NOTHING
08:46:36,SP-FUTURE,3048.0,1523,3048.0,1351,NOTHING
08:46:36,SP-FUTURE,3048.0,1229,3048.0,1645,NOTHING
08:46:37,SP-FUTURE,3049.0,359,3049.0,2515,NOTHING
08:46:38,SP-FUTURE,3049.0,2251,3049.0,623,NOTHING
08:46:39,SP-FUTURE,3049.0,1308,3049.0,1566,NOTHING
08:46:39,SP-FUTURE,3049.0,1208,3049.0,1666,NOTHING
08:46:39,SP-FUTURE,3049.0,878,3049.0,1996,NOTHING
08:46:40,SP-FUTURE,3048.0,166,3049.0,2708,NOTHING
08:46:41,SP-FUTURE,3050.0,2065,3050.0,809,NOTHING
08:46:42,SP-FUTURE,3050.0,2860,3050.0,14,NOTHING
08:46:44,SP-FUTURE,3050.0,2732,3050.0,142,NOTHING
08:46:45,SP-FUTURE,3050.0,1905,3050.0,969,NOTHING
08:46:46,SP-FUTURE,3050.0,862,3051.0,2012,NOTHING
08:46:46,SP-FUTURE,3050.0,531,3050.0,2343,NOTHING
08:46:46,SP-FUTURE,3050.0,309,3050.0,2565,NOTHING
08:46:48,SP-FUTURE,3048.0,2045,3049.0,829,NOTHING
08:46:50,SP-FUTURE,3048.0,514,3049.0,2360,NOTHING
08:46:51,SP-FUTURE,3048.0,84,3049.0,2790,NOTHING
08:46:53,SP-FUTURE,3048.0,1336,3049.0,1538,NOTHING
08:46:54,SP-FUTURE,3048.0,1236,3049.0,1638,NOTHING
08:46:55,SP-FUTURE,3048.0,2647,3048.0,227,NOTHING
08:46:56,SP-FUTURE,3048.0,666,3049.0,2208,NOTHING
08:46:58,SP-FUTURE,3048.0,435,3049.0,2439,NOTHING
08:46:58,SP-FUTURE,3048.0,438,3049.0,2436,NOTHING
08:47:00,SP-FUTURE,3048.0,426,3049.0,2448,NOTHING
08:47:01,SP-FUTURE,3049.0,690,3049.0,2184,NOTHING
08:47:02,SP-FUTURE,3049.0,1015,3049.0,1859,NOTHING
08:47:03,SP-FUTURE,3049.0,1023,3049.0,1851,NOTHING
08:47:04,SP-FUTURE,3049.0,2302,3049.0,572,NOTHING
08:47:06,SP-FUTURE,3049.0,2219,3049.0,655,NOTHING
08:47:07,SP-FUTURE,3049.0,1547,3049.0,1327,NOTHING
08:47:08,SP-FUTURE,3049.0,1356,3049.0,1518,NOTHING
08:47:09,SP-FUTURE,3050.0,1046,3050.0,1828,NOTHING
08:47:09,SP-FUTURE,3050.0,698,3050.0,2176,NOTHING
08:47:11,SP-FUTURE,3050.0,132,3050.0,2742,NOTHING
08:47:12,SP-FUTURE,3050.0,1763,3051.0,1111,NOTHING
08:47:14,SP-FUTURE,3051.0,417,3051.0,2457,NOTHING
08:47:14,SP-FUTURE,3050.0,504,3051.0,2370,NOTHING
08:47:15,SP-FUTURE,3050.0,2398,3051.0,476,NOTHING
08:47:16,SP-FUTURE,3050.0,2399,3051.0,475,NOTHING
08:47:16,SP-FUTURE,3050.0,2629,3051.0,245,NOTHING
08:47:18,SP-FUTURE,3050.0,2805,3051.0,69,NOTHING
08:47:18,SP-FUTURE,3051.0,1134,3051.0,1740,NOTHING
08:47:19,SP-FUTURE,3051.0,1359,3051.0,1515,NOTHING
08:47:20,SP-FUTURE,3051.0,1365,3051.0,1509,NOTHING
08:47:21,SP-FUTURE,3051.0,1610,3051.0,1264,NOTHING
08:47:22,SP-FUTURE,3051.0,1892,3051.0,982,NOTHING
08:47:24,SP-FUTURE,3051.0,499,3051.0,2375,NOTHING
08:47:26,SP-FUTURE,3051.0,772,3051.0,2102,NOTHING
08:47:27,SP-FUTURE,3051.0,352,3052.0,2522,NOTHING
08:47:28,SP-FUTURE,3051.0,109,3052.0,2765,NOTHING
08:47:28,SP-FUTURE,3051.0,188,3052.0,2686,NOTHING
08:47:29,SP-FUTURE,3055.0,669,3055.0,2205,NOTHING
08:47:31,SP-FUTURE,3055.0,491,3055.0,2383,NOTHING
08:47:33,SP-FUTURE,3055.0,629,3055.0,2245,NOTHING
08:47:34,SP-FUTURE,3054.0,1478,3055.0,1396,NOTHING
08:47:35,SP-FUTURE,3054.0,1675,3055.0,1199,NOTHING
08:47:36,SP-FUTURE,3054.0,37,3054.0,2837,NOTHING
08:47:36,SP-FUTURE,3054.0,1623,3054.0,1251,NOTHING
08:47:37,SP-FUTURE,3054.0,470,3054.0,2404,NOTHING
08:47:38,SP-FUTURE,3054.0,2553,3054.0,321,NOTHING
08:47:40,SP-FUTURE,3054.0,763,3054.0,2111,NOTHING
08:47:41,SP-FUTURE,3054.0,763,3054.0,2111,NOTHING
08:47:42,SP-FUTURE,3055.0,1244,3056.0,1630,NOTHING
08:47:44,SP-FUTURE,3055.0,542,3055.0,2332,NOTHING
08:47:45,SP-FUTURE,3055.0,276,3055.0,2598,NOTHING
08:47:46,SP-FUTURE,3055.0,2168,3055.0,706,NOTHING
08:47:47,SP-FUTURE,3056.0,2613,3056.0,261,NOTHING
08:47:48,SP-FUTURE,3056.0,2313,3056.0,561,NOTHING
08:47:49,SP-FUTURE,3056.0,2703,3056.0,171,NOTHING
08:47:51,SP-FUTURE,3056.0,79,3056.0,2795,NOTHING
08:47:51,SP-FUTURE,3056.0,2409,3056.0,465,NOTHING
08:47:53,SP-FUTURE,3056.0,1517,3056.0,1357,NOTHING
08:47:54,SP-FUTURE,3056.0,2587,3056.0,287,NOTHING
08:47:55,SP-FUTURE,3056.0,2761,3056.0,113,NOTHING
08:47:56,SP-FUTURE,3056.0,2848,3056.0,26,NOTHING
08:47:57,SP-FUTURE,3056.0,2784,3056.0,90,NOTHING
08:47:58,SP-FUTURE,3056.0,2001,3056.0,873,NOTHING
08:48:00,SP-FUTURE,3056.0,2347,3056.0,527,NOTHING
08:48:01,SP-FUTURE,3056.0,1202,3056.0,1672,NOTHING
08:48:01,SP-FUTURE,3056.0,2013,3056.0,861,NOTHING
08:48:02,SP-FUTURE,3056.0,1889,3057.0,985,NOTHING
08:48:03,SP-FUTURE,3056.0,1914,3057.0,960,NOTHING
08:48:04,SP-FUTURE,3056.0,1948,3057.0,926,NOTHING
08:48:06,SP-FUTURE,3056.0,1857,3057.0,1017,NOTHING
08:48:06,SP-FUTURE,3056.0,2433,3057.0,441,NOTHING
08:48:07,SP-FUTURE,3056.0,2397,3057.0,477,NOTHING
08:48:08,SP-FUTURE,3056.0,1719,3057.0,1155,NOTHING
08:48:09,SP-FUTURE,3056.0,1694,3057.0,1180,NOTHING
08:48:11,SP-FUTURE,3056.0,1436,3057.0,1438,NOTHING
08:48:12,SP-FUTURE,3056.0,2081,3056.0,793,NOTHING
08:48:13,SP-FUTURE,3056.0,2287,3056.0,587,NOTHING
08:48:14,SP-FUTURE,3056.0,2062,3056.0,812,NOTHING
08:48:16,SP-FUTURE,3056.0,2041,3056.0,833,NOTHING
08:48:16,SP-FUTURE,3058.0,26,3058.0,2848,NOTHING
08:48:17,SP-FUTURE,3057.0,1168,3057.0,1706,NOTHING
08:48:18,SP-FUTURE,3057.0,1202,3057.0,1672,NOTHING
08:48:19,SP-FUTURE,3055.0,2190,3055.0,684,NOTHING
08:48:20,SP-FUTURE,3055.0,2556,3055.0,318,NOTHING
08:48:21,SP-FUTURE,3056.0,256,3056.0,2618,NOTHING
08:48:22,SP-FUTURE,3056.0,237,3056.0,2637,NOTHING
08:48:22,SP-FUTURE,3056.0,167,3056.0,2707,NOTHING
08:48:22,SP-FUTURE,3056.0,67,3056.0,2807,NOTHING
08:48:23,SP-FUTURE,3056.0,58,3056.0,2816,NOTHING
08:48:24,SP-FUTURE,3055.0,2750,3056.0,124,NOTHING
08:48:24,SP-FUTURE,3055.0,2514,3056.0,360,NOTHING
08:48:25,SP-FUTURE,3055.0,2326,3056.0,548,NOTHING
08:48:26,SP-FUTURE,3055.0,2522,3055.0,352,NOTHING
08:48:27,SP-FUTURE,3055.0,1849,3055.0,1025,NOTHING
08:48:28,SP-FUTURE,3055.0,2362,3055.0,512,NOTHING
08:48:29,SP-FUTURE,3055.0,1939,3055.0,935,NOTHING
08:48:31,SP-FUTURE,3055.0,1107,3055.0,1767,NOTHING
08:48:32,SP-FUTURE,3055.0,1325,3055.0,1549,NOTHING
08:48:33,SP-FUTURE,3055.0,1818,3055.0,1056,NOTHING
08:48:34,SP-FUTURE,3055.0,2266,3055.0,608,NOTHING
08:48:34,SP-FUTURE,3055.0,2430,3055.0,444,NOTHING
08:48:37,SP-FUTURE,3055.0,1445,3055.0,1429,NOTHING
08:48:37,SP-FUTURE,3055.0,1345,3055.0,1529,NOTHING
08:48:38,SP-FUTURE,3055.0,2369,3056.0,505,NOTHING
08:48:40,SP-FUTURE,3055.0,1774,3056.0,1100,NOTHING
08:48:41,SP-FUTURE,3056.0,10,3057.0,2864,NOTHING
08:48:42,SP-FUTURE,3056.0,202,3057.0,2672,NOTHING
08:48:44,SP-FUTURE,3056.0,419,3057.0,2455,NOTHING
08:48:45,SP-FUTURE,3056.0,2243,3056.0,631,NOTHING
08:48:45,SP-FUTURE,3056.0,333,3057.0,2541,NOTHING
08:48:46,SP-FUTURE,3056.0,397,3057.0,2477,NOTHING
08:48:47,SP-FUTURE,3056.0,661,3057.0,2213,NOTHING
08:48:48,SP-FUTURE,3056.0,2489,3057.0,385,NOTHING
08:48:49,SP-FUTURE,3056.0,619,3057.0,2255,NOTHING
08:48:51,SP-FUTURE,3056.0,1528,3056.0,1346,NOTHING
08:48:51,SP-FUTURE,3056.0,2062,3056.0,812,NOTHING
08:48:51,SP-FUTURE,3056.0,2254,3056.0,620,NOTHING
08:48:52,SP-FUTURE,3060.0,921,3060.0,1953,NOTHING
08:48:54,SP-FUTURE,3060.0,2755,3060.0,119,NOTHING
08:48:55,SP-FUTURE,3061.0,2057,3061.0,817,NOTHING
08:48:57,SP-FUTURE,3061.0,1929,3061.0,945,NOTHING
08:48:58,SP-FUTURE,3061.0,1926,3061.0,948,NOTHING
08:48:59,SP-FUTURE,3061.0,2263,3061.0,611,NOTHING
08:49:00,SP-FUTURE,3061.0,572,3061.0,2302,NOTHING
08:49:02,SP-FUTURE,3061.0,945,3061.0,1929,NOTHING
08:49:02,SP-FUTURE,3061.0,2766,3061.0,108,NOTHING
08:49:03,SP-FUTURE,3061.0,2660,3061.0,214,NOTHING
08:49:04,SP-FUTURE,3061.0,2695,3061.0,179,NOTHING
08:49:05,SP-FUTURE,3061.0,2390,3061.0,484,NOTHING
08:49:06,SP-FUTURE,3061.0,2333,3061.0,541,NOTHING
08:49:07,SP-FUTURE,3061.0,1949,3061.0,925,NOTHING
08:49:07,SP-FUTURE,3061.0,1973,3061.0,901,NOTHING
08:49:08,SP-FUTURE,3061.0,2131,3061.0,743,NOTHING
08:49:10,SP-FUTURE,3061.0,2852,3061.0,22,NOTHING
08:49:10,SP-FUTURE,3061.0,2036,3061.0,838,NOTHING
08:49:12,SP-FUTURE,3061.0,1138,3061.0,1736,NOTHING
08:49:12,SP-FUTURE,3062.0,799,3062.0,2075,NOTHING
08:49:13,SP-FUTURE,3059.0,649,3059.0,2225,NOTHING
08:49:14,SP-FUTURE,3059.0,76,3059.0,2798,NOTHING
08:49:16,SP-FUTURE,3059.0,684,3059.0,2190,NOTHING
08:49:17,SP-FUTURE,3059.0,1396,3060.0,1478,NOTHING
08:49:19,SP-FUTURE,3059.0,1419,3060.0,1455,NOTHING
08:49:20,SP-FUTURE,3060.0,710,3060.0,2164,NOTHING
08:49:21,SP-FUTURE,3060.0,624,3060.0,2250,NOTHING
08:49:22,SP-FUTURE,3060.0,296,3060.0,2578,NOTHING
08:49:22,SP-FUTURE,3060.0,950,3060.0,1924,NOTHING
08:49:23,SP-FUTURE,3061.0,450,3061.0,2424,NOTHING
08:49:24,SP-FUTURE,3060.0,1605,3061.0,1269,NOTHING
08:49:25,SP-FUTURE,3060.0,1597,3061.0,1277,NOTHING
08:49:26,SP-FUTURE,3060.0,1589,3061.0,1285,NOTHING
08:49:26,SP-FUTURE,3060.0,1320,3061.0,1554,NOTHING
08:49:27,SP-FUTURE,3060.0,1154,3060.0,1720,NOTHING
08:49:28,SP-FUTURE,3059.0,1852,3059.0,1022,NOTHING
08:49:29,SP-FUTURE,3059.0,972,3059.0,1902,NOTHING
08:49:30,SP-FUTURE,3059.0,2300,3059.0,574,NOTHING
08:49:30,SP-FUTURE,3059.0,2337,3059.0,537,NOTHING
08:49:31,SP-FUTURE,3057.0,793,3057.0,2081,NOTHING
08:49:32,SP-FUTURE,3057.0,1374,3057.0,1500,NOTHING
08:49:33,SP-FUTURE,3057.0,139,3057.0,2735,NOTHING
08:49:34,SP-FUTURE,3057.0,1610,3057.0,1264,NOTHING
08:49:34,SP-FUTURE,3057.0,2674,3057.0,200,NOTHING
08:49:36,SP-FUTURE,3057.0,609,3057.0,2265,NOTHING
08:49:38,SP-FUTURE,3057.0,1895,3057.0,979,NOTHING
08:49:39,SP-FUTURE,3057.0,1802,3057.0,1072,NOTHING
08:49:40,SP-FUTURE,3057.0,1789,3057.0,1085,NOTHING
08:49:41,SP-FUTURE,3057.0,1945,3057.0,929,NOTHING
08:49:42,SP-FUTURE,3057.0,2590,3057.0,284,NOTHING
08:49:43,SP-FUTURE,3057.0,698,3057.0,2176,NOTHING
08:49:45,SP-FUTURE,3057.0,895,3057.0,1979,NOTHING
08:49:46,SP-FUTURE,3057.0,436,3057.0,2438,NOTHING
08:49:46,SP-FUTURE,3057.0,723,3057.0,2151,NOTHING
08:49:47,SP-FUTURE,3057.0,719,3057.0,2155,NOTHING
08:49:48,SP-FUTURE,3057.0,855,3057.0,2019,NOTHING
08:49:49,SP-FUTURE,3057.0,799,3057.0,2075,NOTHING
08:49:49,SP-FUTURE,3057.0,583,3057.0,2291,NOTHING
08:49:50,SP-FUTURE,3057.0,2057,3057.0,817,NOTHING
08:49:51,SP-FUTURE,3057.0,1454,3057.0,1420,NOTHING
08:49:52,SP-FUTURE,3057.0,1285,3057.0,1589,NOTHING
08:49:53,SP-FUTURE,3057.0,1468,3057.0,1406,NOTHING
08:49:54,SP-FUTURE,3057.0,1391,3057.0,1483,NOTHING
08:49:55,SP-FUTURE,3057.0,1392,3058.0,1482,NOTHING
08:49:56,SP-FUTURE,3057.0,1526,3058.0,1348,NOTHING
08:49:57,SP-FUTURE,3057.0,307,3058.0,2567,NOTHING
08:49:57,SP-FUTURE,3057.0,220,3057.0,2654,NOTHING
08:49:59,SP-FUTURE,3057.0,1358,3057.0,1516,NOTHING
08:50:00,SP-FUTURE,3057.0,467,3057.0,2407,NOTHING
08:50:01,SP-FUTURE,3057.0,482,3057.0,2392,NOTHING
08:50:02,SP-FUTURE,3057.0,477,3057.0,2397,NOTHING
08:50:04,SP-FUTURE,3057.0,29,3057.0,2845,NOTHING
08:50:05,SP-FUTURE,3057.0,1565,3057.0,1309,NOTHING
08:50:06,SP-FUTURE,3056.0,2220,3057.0,654,NOTHING
08:50:07,SP-FUTURE,3056.0,1690,3056.0,1184,NOTHING
08:50:08,SP-FUTURE,3059.0,1702,3059.0,1172,NOTHING
08:50:09,SP-FUTURE,3059.0,1659,3059.0,1215,NOTHING
08:50:10,SP-FUTURE,3059.0,1546,3059.0,1328,NOTHING
08:50:11,SP-FUTURE,3059.0,1779,3059.0,1095,NOTHING
08:50:12,SP-FUTURE,3059.0,2461,3059.0,413,NOTHING
08:50:13,SP-FUTURE,3059.0,2367,3059.0,507,NOTHING
08:50:14,SP-FUTURE,3060.0,74,3060.0,2800,NOTHING
08:50:15,SP-FUTURE,3059.0,2141,3060.0,733,NOTHING
08:50:16,SP-FUTURE,3059.0,2142,3060.0,732,NOTHING
08:50:17,SP-FUTURE,3061.0,2439,3061.0,435,NOTHING
08:50:18,SP-FUTURE,3061.0,2650,3061.0,224,NOTHING
08:50:19,SP-FUTURE,3061.0,2667,3061.0,207,NOTHING
08:50:21,SP-FUTURE,3061.0,2426,3061.0,448,NOTHING
08:50:21,SP-FUTURE,3060.0,2658,3061.0,216,NOTHING
08:50:21,SP-FUTURE,3060.0,1182,3061.0,1692,NOTHING
08:50:23,SP-FUTURE,3060.0,2163,3060.0,711,NOTHING
08:50:23,SP-FUTURE,3059.0,1197,3059.0,1677,NOTHING
08:50:24,SP-FUTURE,3059.0,1232,3059.0,1642,NOTHING
08:50:25,SP-FUTURE,3059.0,590,3060.0,2284,NOTHING
08:50:25,SP-FUTURE,3059.0,1431,3059.0,1443,NOTHING
08:50:27,SP-FUTURE,3059.0,2131,3059.0,743,NOTHING
08:50:27,SP-FUTURE,3059.0,1963,3059.0,911,NOTHING
08:50:27,SP-FUTURE,3059.0,2540,3059.0,334,NOTHING
08:50:29,SP-FUTURE,3059.0,2300,3059.0,574,NOTHING
08:50:30,SP-FUTURE,3059.0,1166,3059.0,1708,NOTHING
08:50:31,SP-FUTURE,3059.0,850,3059.0,2024,NOTHING
08:50:31,SP-FUTURE,3059.0,2202,3060.0,672,NOTHING
08:50:32,SP-FUTURE,3059.0,2356,3060.0,518,NOTHING
08:50:33,SP-FUTURE,3060.0,1983,3060.0,891,NOTHING
08:50:34,SP-FUTURE,3060.0,1971,3060.0,903,NOTHING
08:50:36,SP-FUTURE,3059.0,1295,3059.0,1579,NOTHING
08:50:37,SP-FUTURE,3059.0,706,3059.0,2168,NOTHING
08:50:38,SP-FUTURE,3059.0,2124,3059.0,750,NOTHING
08:50:38,SP-FUTURE,3059.0,2154,3059.0,720,NOTHING
08:50:40,SP-FUTURE,3059.0,1848,3059.0,1026,NOTHING
08:50:40,SP-FUTURE,3060.0,807,3060.0,2067,NOTHING
08:50:42,SP-FUTURE,3060.0,1210,3060.0,1664,NOTHING
08:50:44,SP-FUTURE,3060.0,185,3060.0,2689,NOTHING
08:50:45,SP-FUTURE,3060.0,270,3060.0,2604,NOTHING
08:50:46,SP-FUTURE,3060.0,386,3060.0,2488,NOTHING
08:50:47,SP-FUTURE,3060.0,389,3060.0,2485,NOTHING
08:50:48,SP-FUTURE,3059.0,2545,3060.0,329,NOTHING
08:50:50,SP-FUTURE,3060.0,2120,3060.0,754,NOTHING
08:50:50,SP-FUTURE,3060.0,1757,3060.0,1117,NOTHING
08:50:51,SP-FUTURE,3059.0,2233,3059.0,641,NOTHING
08:50:52,SP-FUTURE,3059.0,1566,3059.0,1308,NOTHING
08:50:52,SP-FUTURE,3059.0,464,3059.0,2410,NOTHING
08:50:53,SP-FUTURE,3059.0,1998,3059.0,876,NOTHING
08:50:53,SP-FUTURE,3059.0,300,3060.0,2574,NOTHING
08:50:54,SP-FUTURE,3059.0,782,3060.0,2092,NOTHING
08:50:55,SP-FUTURE,3059.0,1159,3060.0,1715,NOTHING
08:50:56,SP-FUTURE,3057.0,1361,3057.0,1513,NOTHING
08:50:57,SP-FUTURE,3057.0,1345,3057.0,1529,NOTHING
08:50:58,SP-FUTURE,3057.0,2008,3058.0,866,NOTHING
08:50:59,SP-FUTURE,3058.0,1873,3058.0,1001,NOTHING
08:50:59,SP-FUTURE,3056.0,2682,3057.0,192,NOTHING
08:51:01,SP-FUTURE,3056.0,2251,3057.0,623,NOTHING
08:51:01,SP-FUTURE,3056.0,2436,3057.0,438,NOTHING
08:51:02,SP-FUTURE,3056.0,1420,3056.0,1454,NOTHING
08:51:04,SP-FUTURE,3056.0,1438,3056.0,1436,NOTHING
08:51:04,SP-FUTURE,3056.0,1434,3056.0,1440,NOTHING
08:51:05,SP-FUTURE,3056.0,1619,3056.0,1255,NOTHING
08:51:06,SP-FUTURE,3056.0,1604,3056.0,1270,NOTHING
08:51:06,SP-FUTURE,3056.0,1782,3056.0,1092,NOTHING
08:51:08,SP-FUTURE,3057.0,163,3057.0,2711,NOTHING
08:51:09,SP-FUTURE,3057.0,1027,3057.0,1847,NOTHING
08:51:10,SP-FUTURE,3057.0,972,3057.0,1902,NOTHING
08:51:10,SP-FUTURE,3057.0,908,3057.0,1966,NOTHING
08:51:11,SP-FUTURE,3057.0,1853,3057.0,1021,NOTHING
08:51:12,SP-FUTURE,3057.0,562,3057.0,2312,NOTHING
08:51:13,SP-FUTURE,3057.0,574,3057.0,2300,NOTHING
08:51:14,SP-FUTURE,3056.0,416,3057.0,2458,NOTHING
08:51:16,SP-FUTURE,3057.0,1431,3057.0,1443,NOTHING
08:51:17,SP-FUTURE,3057.0,1948,3057.0,926,NOTHING
08:51:19,SP-FUTURE,3057.0,45,3057.0,2829,NOTHING
08:51:19,SP-FUTURE,3057.0,298,3057.0,2576,NOTHING
08:51:20,SP-FUTURE,3057.0,259,3057.0,2615,NOTHING
08:51:21,SP-FUTURE,3057.0,46,3057.0,2828,NOTHING
08:51:21,SP-FUTURE,3056.0,929,3057.0,1945,NOTHING
08:51:22,SP-FUTURE,3056.0,2641,3057.0,233,NOTHING
08:51:24,SP-FUTURE,3057.0,2154,3057.0,720,NOTHING
08:51:25,SP-FUTURE,3057.0,157,3057.0,2717,NOTHING
08:51:26,SP-FUTURE,3055.0,2624,3056.0,250,NOTHING
08:51:27,SP-FUTURE,3055.0,2127,3056.0,747,NOTHING
08:51:28,SP-FUTURE,3055.0,2160,3056.0,714,NOTHING
08:51:29,SP-FUTURE,3055.0,1352,3056.0,1522,NOTHING
08:51:29,SP-FUTURE,3057.0,599,3057.0,2275,NOTHING
08:51:31,SP-FUTURE,3056.0,2331,3057.0,543,NOTHING
08:51:32,SP-FUTURE,3056.0,2043,3057.0,831,NOTHING
08:51:34,SP-FUTURE,3056.0,2833,3056.0,41,NOTHING
08:51:35,SP-FUTURE,3058.0,6,3058.0,2868,NOTHING
08:51:35,SP-FUTURE,3057.0,831,3058.0,2043,NOTHING
08:51:36,SP-FUTURE,3057.0,2861,3058.0,13,NOTHING
08:51:37,SP-FUTURE,3058.0,717,3058.0,2157,NOTHING
08:51:38,SP-FUTURE,3058.0,625,3058.0,2249,NOTHING
08:51:39,SP-FUTURE,3057.0,2459,3058.0,415,NOTHING
08:51:41,SP-FUTURE,3057.0,2482,3058.0,392,NOTHING
08:51:42,SP-FUTURE,3057.0,1713,3058.0,1161,NOTHING
08:51:44,SP-FUTURE,3058.0,699,3058.0,2175,NOTHING
08:51:45,SP-FUTURE,3058.0,628,3058.0,2246,NOTHING
08:51:46,SP-FUTURE,3057.0,1311,3057.0,1563,NOTHING
08:51:48,SP-FUTURE,3057.0,2212,3058.0,662,NOTHING
08:51:49,SP-FUTURE,3061.0,44,3061.0,2830,NOTHING
08:51:51,SP-FUTURE,3061.0,1229,3061.0,1645,NOTHING
08:51:52,SP-FUTURE,3061.0,1761,3061.0,1113,NOTHING
08:51:53,SP-FUTURE,3060.0,51,3060.0,2823,NOTHING
08:51:55,SP-FUTURE,3060.0,2487,3060.0,387,NOTHING
08:51:56,SP-FUTURE,3060.0,21,3060.0,2853,NOTHING
08:51:57,SP-FUTURE,3059.0,1402,3059.0,1472,NOTHING
08:51:58,SP-FUTURE,3058.0,1506,3059.0,1368,NOTHING
08:51:58,SP-FUTURE,3058.0,1534,3059.0,1340,NOTHING
08:51:59,SP-FUTURE,3058.0,518,3059.0,2356,NOTHING
08:52:00,SP-FUTURE,3058.0,155,3059.0,2719,NOTHING
08:52:01,SP-FUTURE,3058.0,2297,3058.0,577,NOTHING
08:52:03,SP-FUTURE,3059.0,38,3059.0,2836,NOTHING
08:52:04,SP-FUTURE,3059.0,25,3059.0,2849,NOTHING
08:52:06,SP-FUTURE,3058.0,2529,3059.0,345,NOTHING
08:52:07,SP-FUTURE,3058.0,710,3058.0,2164,NOTHING
08:52:07,SP-FUTURE,3061.0,2518,3061.0,356,NOTHING
08:52:08,SP-FUTURE,3061.0,1896,3061.0,978,NOTHING
08:52:09,SP-FUTURE,3060.0,938,3060.0,1936,NOTHING
08:52:09,SP-FUTURE,3060.0,1362,3060.0,1512,NOTHING
08:52:10,SP-FUTURE,3058.0,2459,3058.0,415,NOTHING
08:52:10,SP-FUTURE,3058.0,1394,3058.0,1480,NOTHING
08:52:11,SP-FUTURE,3059.0,1943,3059.0,931,NOTHING
08:52:13,SP-FUTURE,3058.0,1663,3059.0,1211,NOTHING
08:52:13,SP-FUTURE,3058.0,1670,3059.0,1204,NOTHING
08:52:14,SP-FUTURE,3058.0,1802,3059.0,1072,NOTHING
08:52:15,SP-FUTURE,3058.0,2042,3059.0,832,NOTHING
08:52:16,SP-FUTURE,3058.0,1178,3058.0,1696,NOTHING
08:52:17,SP-FUTURE,3058.0,1789,3058.0,1085,NOTHING
08:52:18,SP-FUTURE,3058.0,2513,3058.0,361,NOTHING
08:52:19,SP-FUTURE,3059.0,590,3059.0,2284,NOTHING
08:52:20,SP-FUTURE,3059.0,1125,3059.0,1749,NOTHING
08:52:21,SP-FUTURE,3059.0,1062,3059.0,1812,NOTHING
08:52:21,SP-FUTURE,3059.0,931,3059.0,1943,NOTHING
08:52:22,SP-FUTURE,3059.0,478,3059.0,2396,NOTHING
08:52:23,SP-FUTURE,3059.0,1058,3059.0,1816,NOTHING
08:52:25,SP-FUTURE,3058.0,1137,3059.0,1737,NOTHING
08:52:26,SP-FUTURE,3056.0,2426,3056.0,448,NOTHING
08:52:27,SP-FUTURE,3056.0,540,3056.0,2334,NOTHING
08:52:29,SP-FUTURE,3056.0,850,3056.0,2024,NOTHING
08:52:29,SP-FUTURE,3056.0,623,3056.0,2251,NOTHING
08:52:30,SP-FUTURE,3055.0,77,3056.0,2797,NOTHING
08:52:31,SP-FUTURE,3055.0,1132,3055.0,1742,NOTHING
08:52:33,SP-FUTURE,3055.0,2238,3055.0,636,NOTHING
08:52:33,SP-FUTURE,3056.0,861,3056.0,2013,NOTHING
08:52:34,SP-FUTURE,3057.0,1033,3058.0,1841,NOTHING
08:52:35,SP-FUTURE,3058.0,1437,3058.0,1437,NOTHING
08:52:36,SP-FUTURE,3059.0,2839,3059.0,35,NOTHING
08:52:37,SP-FUTURE,3060.0,2752,3060.0,122,NOTHING
08:52:38,SP-FUTURE,3061.0,1111,3061.0,1763,NOTHING
08:52:39,SP-FUTURE,3061.0,988,3061.0,1886,NOTHING
08:52:40,SP-FUTURE,3061.0,1067,3061.0,1807,NOTHING
08:52:41,SP-FUTURE,3061.0,1029,3061.0,1845,NOTHING
08:52:42,SP-FUTURE,3061.0,1166,3061.0,1708,NOTHING
08:52:43,SP-FUTURE,3061.0,1171,3061.0,1703,NOTHING
08:52:44,SP-FUTURE,3061.0,1156,3061.0,1718,NOTHING
08:52:45,SP-FUTURE,3060.0,2723,3061.0,151,NOTHING
08:52:46,SP-FUTURE,3061.0,491,3061.0,2383,NOTHING
08:52:47,SP-FUTURE,3061.0,1236,3061.0,1638,NOTHING
08:52:49,SP-FUTURE,3061.0,2598,3061.0,276,NOTHING
08:52:51,SP-FUTURE,3061.0,2504,3061.0,370,NOTHING
08:52:52,SP-FUTURE,3061.0,1854,3061.0,1020,NOTHING
08:52:52,SP-FUTURE,3064.0,2443,3064.0,431,NOTHING
08:52:52,SP-FUTURE,3064.0,2383,3064.0,491,NOTHING
08:52:53,SP-FUTURE,3063.0,897,3063.0,1977,NOTHING
08:52:54,SP-FUTURE,3062.0,76,3063.0,2798,NOTHING
08:52:55,SP-FUTURE,3062.0,85,3063.0,2789,NOTHING
08:52:55,SP-FUTURE,3062.0,81,3063.0,2793,NOTHING
08:52:57,SP-FUTURE,3063.0,1722,3063.0,1152,NOTHING
08:52:57,SP-FUTURE,3063.0,1236,3063.0,1638,NOTHING
08:52:58,SP-FUTURE,3063.0,2407,3063.0,467,NOTHING
08:52:59,SP-FUTURE,3066.0,831,3066.0,2043,NOTHING
08:53:00,SP-FUTURE,3067.0,1218,3067.0,1656,NOTHING
08:53:01,SP-FUTURE,3067.0,1458,3067.0,1416,NOTHING
08:53:02,SP-FUTURE,3067.0,1446,3067.0,1428,NOTHING
08:53:03,SP-FUTURE,3066.0,1476,3066.0,1398,NOTHING
08:53:04,SP-FUTURE,3066.0,673,3066.0,2201,NOTHING
08:53:05,SP-FUTURE,3065.0,1029,3065.0,1845,NOTHING
08:53:06,SP-FUTURE,3065.0,1021,3065.0,1853,NOTHING
08:53:07,SP-FUTURE,3066.0,1231,3066.0,1643,NOTHING
08:53:08,SP-FUTURE,3066.0,1926,3066.0,948,NOTHING
08:53:09,SP-FUTURE,3066.0,1928,3066.0,946,NOTHING
08:53:10,SP-FUTURE,3066.0,1827,3066.0,1047,NOTHING
08:53:11,SP-FUTURE,3066.0,1822,3066.0,1052,NOTHING
08:53:12,SP-FUTURE,3066.0,568,3066.0,2306,NOTHING
08:53:13,SP-FUTURE,3066.0,455,3066.0,2419,NOTHING
08:53:13,SP-FUTURE,3066.0,226,3066.0,2648,NOTHING
08:53:15,SP-FUTURE,3066.0,1353,3066.0,1521,NOTHING
08:53:16,SP-FUTURE,3066.0,465,3067.0,2409,NOTHING
08:53:17,SP-FUTURE,3066.0,2747,3066.0,127,NOTHING
08:53:17,SP-FUTURE,3067.0,800,3067.0,2074,NOTHING
08:53:17,SP-FUTURE,3067.0,1364,3067.0,1510,NOTHING
08:53:18,SP-FUTURE,3067.0,1667,3067.0,1207,NOTHING
08:53:19,SP-FUTURE,3067.0,2025,3067.0,849,NOTHING
08:53:20,SP-FUTURE,3065.0,2842,3066.0,32,NOTHING
08:53:22,SP-FUTURE,3066.0,1502,3066.0,1372,NOTHING
08:53:22,SP-FUTURE,3066.0,1590,3066.0,1284,NOTHING
08:53:23,SP-FUTURE,3066.0,1547,3066.0,1327,NOTHING
08:53:24,SP-FUTURE,3066.0,2404,3066.0,470,NOTHING
08:53:26,SP-FUTURE,3066.0,2495,3066.0,379,NOTHING
08:53:26,SP-FUTURE,3066.0,1822,3066.0,1052,NOTHING
08:53:28,SP-FUTURE,3066.0,1536,3066.0,1338,NOTHING
08:53:29,SP-FUTURE,3066.0,2014,3066.0,860,NOTHING
08:53:30,SP-FUTURE,3066.0,994,3066.0,1880,NOTHING
08:53:30,SP-FUTURE,3066.0,618,3066.0,2256,NOTHING
08:53:31,SP-FUTURE,3065.0,2866,3066.0,8,NOTHING
08:53:32,SP-FUTURE,3065.0,2708,3065.0,166,NOTHING
08:53:33,SP-FUTURE,3065.0,2213,3065.0,661,NOTHING
08:53:33,SP-FUTURE,3065.0,2031,3065.0,843,NOTHING
08:53:34,SP-FUTURE,3065.0,228,3065.0,2646,NOTHING
08:53:35,SP-FUTURE,3066.0,1317,3066.0,1557,NOTHING
08:53:35,SP-FUTURE,3066.0,1661,3066.0,1213,NOTHING
08:53:37,SP-FUTURE,3066.0,1479,3066.0,1395,NOTHING
08:53:38,SP-FUTURE,3065.0,534,3066.0,2340,NOTHING
08:53:39,SP-FUTURE,3065.0,880,3066.0,1994,NOTHING
08:53:39,SP-FUTURE,3065.0,1126,3066.0,1748,NOTHING
08:53:39,SP-FUTURE,3065.0,343,3065.0,2531,NOTHING
08:53:41,SP-FUTURE,3065.0,2251,3066.0,623,NOTHING
08:53:42,SP-FUTURE,3065.0,2105,3065.0,769,NOTHING
08:53:43,SP-FUTURE,3065.0,1975,3065.0,899,NOTHING
08:53:44,SP-FUTURE,3065.0,1732,3065.0,1142,NOTHING
08:53:46,SP-FUTURE,3065.0,1879,3065.0,995,NOTHING
08:53:47,SP-FUTURE,3065.0,2693,3065.0,181,NOTHING
08:53:49,SP-FUTURE,3065.0,2697,3065.0,177,NOTHING
08:53:49,SP-FUTURE,3065.0,2858,3065.0,16,NOTHING
08:53:50,SP-FUTURE,3065.0,250,3065.0,2624,NOTHING
08:53:51,SP-FUTURE,3065.0,2783,3065.0,91,NOTHING
08:53:52,SP-FUTURE,3065.0,2227,3065.0,647,NOTHING
08:53:54,SP-FUTURE,3065.0,2432,3065.0,442,NOTHING
08:53:55,SP-FUTURE,3063.0,2353,3064.0,521,NOTHING
08:53:56,SP-FUTURE,3064.0,596,3064.0,2278,NOTHING
08:53:57,SP-FUTURE,3064.0,594,3064.0,2280,NOTHING
08:53:59,SP-FUTURE,3065.0,386,3066.0,2488,NOTHING
08:54:00,SP-FUTURE,3065.0,2424,3065.0,450,NOTHING
08:54:00,SP-FUTURE,3066.0,319,3066.0,2555,NOTHING
08:54:01,SP-FUTURE,3066.0,2293,3066.0,581,NOTHING
08:54:03,SP-FUTURE,3066.0,2688,3066.0,186,NOTHING
08:54:04,SP-FUTURE,3067.0,465,3067.0,2409,NOTHING
08:54:05,SP-FUTURE,3067.0,498,3067.0,2376,NOTHING
08:54:06,SP-FUTURE,3067.0,1824,3067.0,1050,NOTHING
08:54:07,SP-FUTURE,3066.0,833,3067.0,2041,NOTHING
08:54:07,SP-FUTURE,3066.0,147,3067.0,2727,NOTHING
08:54:09,SP-FUTURE,3066.0,153,3067.0,2721,NOTHING
08:54:10,SP-FUTURE,3066.0,201,3067.0,2673,NOTHING
08:54:12,SP-FUTURE,3066.0,276,3067.0,2598,NOTHING
08:54:12,SP-FUTURE,3066.0,2,3067.0,2872,NOTHING
08:54:13,SP-FUTURE,3066.0,571,3067.0,2303,NOTHING
08:54:14,SP-FUTURE,3066.0,883,3066.0,1991,NOTHING
08:54:16,SP-FUTURE,3066.0,1349,3066.0,1525,NOTHING
08:54:16,SP-FUTURE,3066.0,651,3066.0,2223,NOTHING
08:54:17,SP-FUTURE,3066.0,188,3066.0,2686,NOTHING
08:54:18,SP-FUTURE,3066.0,551,3066.0,2323,NOTHING
08:54:18,SP-FUTURE,3065.0,465,3066.0,2409,NOTHING
08:54:19,SP-FUTURE,3066.0,2350,3066.0,524,NOTHING
08:54:21,SP-FUTURE,3066.0,2648,3066.0,226,NOTHING
08:54:22,SP-FUTURE,3066.0,2611,3066.0,263,NOTHING
08:54:22,SP-FUTURE,3066.0,1339,3066.0,1535,NOTHING
08:54:23,SP-FUTURE,3066.0,1369,3066.0,1505,NOTHING
08:54:23,SP-FUTURE,3066.0,2727,3066.0,147,NOTHING
08:54:23,SP-FUTURE,3065.0,206,3065.0,2668,NOTHING
08:54:24,SP-FUTURE,3065.0,312,3065.0,2562,NOTHING
08:54:26,SP-FUTURE,3065.0,2868,3065.0,6,NOTHING
08:54:27,SP-FUTURE,3065.0,5,3066.0,2869,NOTHING
08:54:28,SP-FUTURE,3065.0,227,3065.0,2647,NOTHING
08:54:29,SP-FUTURE,3065.0,514,3065.0,2360,NOTHING
08:54:30,SP-FUTURE,3065.0,1830,3065.0,1044,NOTHING
08:54:32,SP-FUTURE,3065.0,1273,3065.0,1601,NOTHING
08:54:33,SP-FUTURE,3065.0,1637,3065.0,1237,NOTHING
08:54:34,SP-FUTURE,3064.0,1360,3065.0,1514,NOTHING
08:54:36,SP-FUTURE,3064.0,300,3065.0,2574,NOTHING
08:54:37,SP-FUTURE,3064.0,1473,3064.0,1401,NOTHING
08:54:38,SP-FUTURE,3064.0,1330,3064.0,1544,NOTHING
08:54:40,SP-FUTURE,3064.0,1670,3064.0,1204,NOTHING
08:54:42,SP-FUTURE,3064.0,1505,3064.0,1369,NOTHING
08:54:43,SP-FUTURE,3064.0,950,3064.0,1924,NOTHING
08:54:43,SP-FUTURE,3064.0,310,3064.0,2564,NOTHING
08:54:45,SP-FUTURE,3064.0,386,3064.0,2488,NOTHING
08:54:46,SP-FUTURE,3064.0,69,3064.0,2805,NOTHING
08:54:47,SP-FUTURE,3064.0,2689,3064.0,185,NOTHING
08:54:49,SP-FUTURE,3064.0,2130,3064.0,744,NOTHING
08:54:50,SP-FUTURE,3064.0,955,3064.0,1919,NOTHING
08:54:51,SP-FUTURE,3064.0,1830,3064.0,1044,NOTHING
08:54:53,SP-FUTURE,3064.0,2568,3064.0,306,NOTHING
08:54:54,SP-FUTURE,3064.0,2656,3064.0,218,NOTHING
08:54:55,SP-FUTURE,3064.0,2803,3064.0,71,NOTHING
08:54:55,SP-FUTURE,3064.0,415,3064.0,2459,NOTHING
08:54:55,SP-FUTURE,3064.0,570,3064.0,2304,NOTHING
08:54:57,SP-FUTURE,3062.0,978,3062.0,1896,NOTHING
08:54:58,SP-FUTURE,3062.0,1194,3062.0,1680,NOTHING
08:54:59,SP-FUTURE,3063.0,956,3063.0,1918,NOTHING
08:55:01,SP-FUTURE,3063.0,2000,3063.0,874,NOTHING
08:55:01,SP-FUTURE,3063.0,928,3063.0,1946,NOTHING
08:55:03,SP-FUTURE,3062.0,2656,3062.0,218,NOTHING
08:55:04,SP-FUTURE,3062.0,2042,3062.0,832,NOTHING
08:55:05,SP-FUTURE,3062.0,1480,3062.0,1394,NOTHING
08:55:07,SP-FUTURE,3062.0,2682,3062.0,192,NOTHING
08:55:08,SP-FUTURE,3062.0,2500,3062.0,374,NOTHING
08:55:09,SP-FUTURE,3062.0,487,3062.0,2387,NOTHING
08:55:10,SP-FUTURE,3062.0,1604,3062.0,1270,NOTHING
08:55:12,SP-FUTURE,3062.0,992,3062.0,1882,NOTHING
08:55:12,SP-FUTURE,3062.0,1244,3062.0,1630,NOTHING
08:55:14,SP-FUTURE,3062.0,793,3062.0,2081,NOTHING
08:55:16,SP-FUTURE,3062.0,125,3062.0,2749,NOTHING
08:55:17,SP-FUTURE,3062.0,731,3062.0,2143,NOTHING
08:55:19,SP-FUTURE,3062.0,1939,3062.0,935,NOTHING
08:55:21,SP-FUTURE,3062.0,2005,3062.0,869,NOTHING
08:55:22,SP-FUTURE,3062.0,1972,3062.0,902,NOTHING
08:55:24,SP-FUTURE,3062.0,2367,3062.0,507,NOTHING
08:55:25,SP-FUTURE,3062.0,1663,3062.0,1211,NOTHING
08:55:26,SP-FUTURE,3062.0,419,3062.0,2455,NOTHING
08:55:27,SP-FUTURE,3062.0,606,3062.0,2268,NOTHING
08:55:29,SP-FUTURE,3062.0,25,3062.0,2849,NOTHING
08:55:30,SP-FUTURE,3062.0,135,3062.0,2739,NOTHING
08:55:31,SP-FUTURE,3062.0,89,3062.0,2785,NOTHING
08:55:31,SP-FUTURE,3061.0,2289,3061.0,585,NOTHING
08:55:33,SP-FUTURE,3061.0,1853,3061.0,1021,NOTHING
08:55:34,SP-FUTURE,3061.0,1822,3061.0,1052,NOTHING
08:55:35,SP-FUTURE,3060.0,834,3060.0,2040,NOTHING
08:55:36,SP-FUTURE,3060.0,690,3060.0,2184,NOTHING
08:55:37,SP-FUTURE,3060.0,1766,3060.0,1108,NOTHING
08:55:37,SP-FUTURE,3061.0,1106,3062.0,1768,NOTHING
08:55:38,SP-FUTURE,3061.0,1326,3062.0,1548,NOTHING
08:55:39,SP-FUTURE,3061.0,1365,3062.0,1509,NOTHING
08:55:40,SP-FUTURE,3061.0,1355,3062.0,1519,NOTHING
08:55:42,SP-FUTURE,3062.0,2161,3062.0,713,NOTHING
08:55:43,SP-FUTURE,3062.0,935,3062.0,1939,NOTHING
08:55:44,SP-FUTURE,3062.0,1754,3062.0,1120,NOTHING
08:55:46,SP-FUTURE,3062.0,1688,3062.0,1186,NOTHING
08:55:47,SP-FUTURE,3062.0,2874,3062.0,2,NOTHING
08:55:48,SP-FUTURE,3062.0,70,3063.0,2806,NOTHING
08:55:49,SP-FUTURE,3062.0,2596,3062.0,280,NOTHING
08:55:50,SP-FUTURE,3062.0,2690,3062.0,186,NOTHING
08:55:51,SP-FUTURE,3062.0,145,3063.0,2731,NOTHING
08:55:52,SP-FUTURE,3062.0,1991,3062.0,885,NOTHING
08:55:52,SP-FUTURE,3062.0,2696,3062.0,180,NOTHING
08:55:54,SP-FUTURE,3062.0,1027,3063.0,1849,NOTHING
08:55:55,SP-FUTURE,3062.0,636,3063.0,2240,NOTHING
08:55:56,SP-FUTURE,3062.0,636,3063.0,2240,NOTHING
08:55:57,SP-FUTURE,3062.0,2503,3062.0,373,NOTHING
08:55:59,SP-FUTURE,3062.0,2303,3062.0,573,NOTHING
08:55:59,SP-FUTURE,3062.0,2075,3062.0,801,NOTHING
08:56:00,SP-FUTURE,3062.0,2148,3062.0,728,NOTHING
08:56:01,SP-FUTURE,3063.0,1050,3063.0,1826,NOTHING
08:56:02,SP-FUTURE,3062.0,2261,3063.0,615,NOTHING
08:56:04,SP-FUTURE,3063.0,449,3063.0,2427,NOTHING
08:56:04,SP-FUTURE,3062.0,2834,3062.0,42,NOTHING
08:56:06,SP-FUTURE,3064.0,2865,3065.0,11,NOTHING
08:56:06,SP-FUTURE,3064.0,865,3064.0,2011,NOTHING
08:56:07,SP-FUTURE,3064.0,783,3065.0,2093,NOTHING
08:56:08,SP-FUTURE,3064.0,2774,3064.0,102,NOTHING
08:56:09,SP-FUTURE,3064.0,1323,3065.0,1553,NOTHING
08:56:10,SP-FUTURE,3064.0,2535,3064.0,341,NOTHING
08:56:11,SP-FUTURE,3064.0,231,3064.0,2645,NOTHING
08:56:12,SP-FUTURE,3064.0,2711,3064.0,165,NOTHING
08:56:13,SP-FUTURE,3064.0,387,3064.0,2489,NOTHING
08:56:14,SP-FUTURE,3063.0,2815,3064.0,61,NOTHING
08:56:16,SP-FUTURE,3064.0,490,3064.0,2386,NOTHING
08:56:17,SP-FUTURE,3064.0,626,3064.0,2250,NOTHING
08:56:18,SP-FUTURE,3064.0,1674,3064.0,1202,NOTHING
08:56:19,SP-FUTURE,3064.0,1698,3064.0,1178,NOTHING
08:56:19,SP-FUTURE,3064.0,1239,3064.0,1637,NOTHING
08:56:21,SP-FUTURE,3067.0,1187,3067.0,1689,NOTHING
08:56:22,SP-FUTURE,3067.0,1247,3067.0,1629,NOTHING
08:56:24,SP-FUTURE,3067.0,1659,3067.0,1217,NOTHING
08:56:25,SP-FUTURE,3067.0,1945,3067.0,931,NOTHING
08:56:27,SP-FUTURE,3067.0,1365,3067.0,1511,NOTHING
08:56:28,SP-FUTURE,3067.0,903,3067.0,1973,NOTHING
08:56:30,SP-FUTURE,3067.0,1211,3067.0,1665,NOTHING
08:56:31,SP-FUTURE,3067.0,2762,3067.0,114,NOTHING
08:56:33,SP-FUTURE,3067.0,1357,3068.0,1519,NOTHING
08:56:34,SP-FUTURE,3067.0,1362,3068.0,1514,NOTHING
08:56:35,SP-FUTURE,3067.0,1402,3068.0,1474,NOTHING
08:56:36,SP-FUTURE,3067.0,1372,3068.0,1504,NOTHING
08:56:37,SP-FUTURE,3068.0,1912,3069.0,964,NOTHING
08:56:38,SP-FUTURE,3068.0,1310,3068.0,1566,NOTHING
08:56:39,SP-FUTURE,3068.0,326,3069.0,2550,NOTHING
08:56:39,SP-FUTURE,3068.0,194,3069.0,2682,NOTHING
08:56:40,SP-FUTURE,3068.0,2711,3068.0,165,NOTHING
08:56:40,SP-FUTURE,3068.0,925,3069.0,1951,NOTHING
08:56:41,SP-FUTURE,3068.0,1797,3068.0,1079,NOTHING
08:56:41,SP-FUTURE,3068.0,1834,3068.0,1042,NOTHING
08:56:43,SP-FUTURE,3068.0,552,3068.0,2324,NOTHING
08:56:44,SP-FUTURE,3068.0,2458,3068.0,418,NOTHING
08:56:45,SP-FUTURE,3068.0,1795,3068.0,1081,NOTHING
08:56:46,SP-FUTURE,3068.0,309,3068.0,2567,NOTHING
08:56:46,SP-FUTURE,3068.0,217,3068.0,2659,NOTHING
08:56:48,SP-FUTURE,3068.0,335,3068.0,2541,NOTHING
08:56:49,SP-FUTURE,3068.0,921,3069.0,1955,NOTHING
08:56:51,SP-FUTURE,3068.0,1206,3069.0,1670,NOTHING
08:56:52,SP-FUTURE,3068.0,693,3069.0,2183,NOTHING
08:56:54,SP-FUTURE,3069.0,1261,3069.0,1615,NOTHING
08:56:55,SP-FUTURE,3069.0,1438,3069.0,1438,NOTHING
08:56:56,SP-FUTURE,3069.0,1674,3069.0,1202,NOTHING
08:56:57,SP-FUTURE,3069.0,1503,3069.0,1373,NOTHING
08:56:59,SP-FUTURE,3069.0,1934,3069.0,942,NOTHING
08:56:59,SP-FUTURE,3069.0,2052,3069.0,824,NOTHING
08:57:01,SP-FUTURE,3069.0,1557,3069.0,1319,NOTHING
08:57:02,SP-FUTURE,3069.0,387,3069.0,2489,NOTHING
08:57:04,SP-FUTURE,3069.0,1704,3069.0,1172,NOTHING
08:57:05,SP-FUTURE,3069.0,1213,3069.0,1663,NOTHING
08:57:07,SP-FUTURE,3069.0,1283,3069.0,1593,NOTHING
08:57:08,SP-FUTURE,3069.0,2843,3069.0,33,NOTHING
08:57:09,SP-FUTURE,3070.0,2826,3070.0,50,NOTHING
08:57:11,SP-FUTURE,3070.0,2850,3070.0,26,NOTHING
08:57:12,SP-FUTURE,3070.0,1027,3070.0,1849,NOTHING
08:57:13,SP-FUTURE,3070.0,1856,3070.0,1020,NOTHING
08:57:15,SP-FUTURE,3070.0,321,3070.0,2555,NOTHING
08:57:15,SP-FUTURE,3070.0,1009,3070.0,1867,NOTHING
08:57:16,SP-FUTURE,3070.0,1499,3070.0,1377,NOTHING
08:57:18,SP-FUTURE,3070.0,937,3071.0,1939,NOTHING
08:57:19,SP-FUTURE,3071.0,306,3071.0,2570,NOTHING
08:57:21,SP-FUTURE,3070.0,2821,3071.0,55,NOTHING
08:57:22,SP-FUTURE,3070.0,2840,3071.0,36,NOTHING
08:57:23,SP-FUTURE,3071.0,192,3071.0,2684,NOTHING
08:57:23,SP-FUTURE,3071.0,189,3071.0,2687,NOTHING
08:57:25,SP-FUTURE,3070.0,2837,3071.0,39,NOTHING
08:57:26,SP-FUTURE,3071.0,52,3071.0,2824,NOTHING
08:57:28,SP-FUTURE,3072.0,118,3072.0,2758,NOTHING
08:57:29,SP-FUTURE,3072.0,1495,3072.0,1381,NOTHING
08:57:30,SP-FUTURE,3071.0,635,3072.0,2241,NOTHING
08:57:31,SP-FUTURE,3071.0,634,3072.0,2242,NOTHING
08:57:32,SP-FUTURE,3072.0,158,3072.0,2718,NOTHING
08:57:33,SP-FUTURE,3072.0,875,3073.0,2001,NOTHING
08:57:34,SP-FUTURE,3073.0,1276,3073.0,1600,NOTHING
08:57:34,SP-FUTURE,3073.0,606,3073.0,2270,NOTHING
08:57:34,SP-FUTURE,3073.0,685,3073.0,2191,NOTHING
08:57:35,SP-FUTURE,3073.0,686,3073.0,2190,NOTHING
08:57:37,SP-FUTURE,3073.0,639,3073.0,2237,NOTHING
08:57:38,SP-FUTURE,3073.0,1222,3073.0,1654,NOTHING
08:57:39,SP-FUTURE,3072.0,1664,3073.0,1212,NOTHING
08:57:41,SP-FUTURE,3072.0,1123,3073.0,1753,NOTHING
08:57:42,SP-FUTURE,3072.0,1181,3072.0,1695,NOTHING
08:57:43,SP-FUTURE,3072.0,1188,3072.0,1688,NOTHING
08:57:43,SP-FUTURE,3073.0,2874,3073.0,2,NOTHING
08:57:43,SP-FUTURE,3073.0,2611,3073.0,265,NOTHING
08:57:44,SP-FUTURE,3073.0,1820,3073.0,1056,NOTHING
08:57:45,SP-FUTURE,3073.0,1777,3073.0,1099,NOTHING
08:57:46,SP-FUTURE,3072.0,2747,3072.0,129,NOTHING
08:57:47,SP-FUTURE,3073.0,1083,3073.0,1793,NOTHING
08:57:48,SP-FUTURE,3073.0,1827,3073.0,1049,NOTHING
08:57:49,SP-FUTURE,3073.0,1830,3073.0,1046,NOTHING
08:57:50,SP-FUTURE,3073.0,197,3073.0,2679,NOTHING
08:57:50,SP-FUTURE,3073.0,368,3073.0,2508,NOTHING
08:57:51,SP-FUTURE,3073.0,2080,3073.0,796,NOTHING
08:57:53,SP-FUTURE,3073.0,2081,3073.0,795,NOTHING
08:57:55,SP-FUTURE,3073.0,182,3073.0,2694,NOTHING
08:57:56,SP-FUTURE,3073.0,927,3073.0,1949,NOTHING
08:57:58,SP-FUTURE,3073.0,888,3073.0,1988,NOTHING
08:57:58,SP-FUTURE,3072.0,701,3072.0,2175,NOTHING
08:57:59,SP-FUTURE,3072.0,608,3072.0,2268,NOTHING
08:58:00,SP-FUTURE,3072.0,1836,3072.0,1040,NOTHING
08:58:01,SP-FUTURE,3072.0,2162,3072.0,714,NOTHING
08:58:03,SP-FUTURE,3070.0,146,3071.0,2730,NOTHING
08:58:05,SP-FUTURE,3070.0,1064,3071.0,1812,NOTHING
08:58:06,SP-FUTURE,3070.0,1032,3071.0,1844,NOTHING
08:58:07,SP-FUTURE,3070.0,720,3071.0,2156,NOTHING
08:58:09,SP-FUTURE,3070.0,799,3071.0,2077,NOTHING
08:58:10,SP-FUTURE,3070.0,789,3071.0,2087,NOTHING
08:58:12,SP-FUTURE,3070.0,1385,3071.0,1491,NOTHING
08:58:13,SP-FUTURE,3070.0,2642,3070.0,234,NOTHING
08:58:13,SP-FUTURE,3071.0,1215,3071.0,1661,NOTHING
08:58:13,SP-FUTURE,3071.0,2278,3071.0,598,NOTHING
08:58:14,SP-FUTURE,3071.0,2302,3071.0,574,NOTHING
08:58:15,SP-FUTURE,3071.0,2123,3071.0,753,NOTHING
08:58:16,SP-FUTURE,3071.0,2575,3071.0,301,NOTHING
08:58:17,SP-FUTURE,3071.0,2588,3071.0,288,NOTHING
08:58:18,SP-FUTURE,3071.0,1597,3071.0,1279,NOTHING
08:58:19,SP-FUTURE,3071.0,1544,3071.0,1332,NOTHING
08:58:20,SP-FUTURE,3071.0,1050,3071.0,1826,NOTHING
08:58:20,SP-FUTURE,3071.0,2540,3071.0,336,NOTHING
08:58:22,SP-FUTURE,3071.0,199,3071.0,2677,NOTHING
08:58:23,SP-FUTURE,3072.0,2629,3072.0,247,NOTHING
08:58:24,SP-FUTURE,3073.0,2366,3073.0,510,NOTHING
08:58:25,SP-FUTURE,3073.0,779,3073.0,2097,NOTHING
08:58:25,SP-FUTURE,3073.0,114,3073.0,2762,NOTHING
08:58:26,SP-FUTURE,3072.0,1277,3073.0,1599,NOTHING
08:58:27,SP-FUTURE,3072.0,738,3073.0,2138,NOTHING
08:58:27,SP-FUTURE,3072.0,210,3073.0,2666,NOTHING
08:58:29,SP-FUTURE,3072.0,227,3073.0,2649,NOTHING
08:58:30,SP-FUTURE,3072.0,266,3073.0,2610,NOTHING
08:58:30,SP-FUTURE,3072.0,247,3073.0,2629,NOTHING
08:58:31,SP-FUTURE,3072.0,296,3073.0,2580,NOTHING
08:58:33,SP-FUTURE,3072.0,2464,3073.0,412,NOTHING
08:58:35,SP-FUTURE,3073.0,2596,3073.0,280,NOTHING
08:58:36,SP-FUTURE,3073.0,1545,3073.0,1331,NOTHING
08:58:37,SP-FUTURE,3073.0,1601,3073.0,1275,NOTHING
08:58:37,SP-FUTURE,3073.0,1626,3073.0,1250,NOTHING
08:58:37,SP-FUTURE,3072.0,2715,3072.0,161,NOTHING
08:58:38,SP-FUTURE,3072.0,2486,3072.0,390,NOTHING
08:58:40,SP-FUTURE,3072.0,2524,3072.0,352,NOTHING
08:58:40,SP-FUTURE,3072.0,2107,3072.0,769,NOTHING
08:58:42,SP-FUTURE,3072.0,2425,3072.0,451,NOTHING
08:58:42,SP-FUTURE,3072.0,534,3072.0,2342,NOTHING
08:58:44,SP-FUTURE,3072.0,504,3072.0,2372,NOTHING
08:58:45,SP-FUTURE,3072.0,466,3072.0,2410,NOTHING
08:58:46,SP-FUTURE,3072.0,621,3072.0,2255,NOTHING
08:58:48,SP-FUTURE,3072.0,2147,3072.0,729,NOTHING
08:58:49,SP-FUTURE,3073.0,474,3073.0,2402,NOTHING
08:58:49,SP-FUTURE,3073.0,172,3073.0,2704,NOTHING
08:58:50,SP-FUTURE,3073.0,353,3073.0,2523,NOTHING
08:58:51,SP-FUTURE,3073.0,461,3073.0,2415,NOTHING
08:58:53,SP-FUTURE,3073.0,455,3073.0,2421,NOTHING
08:58:54,SP-FUTURE,3073.0,510,3073.0,2366,NOTHING
08:58:54,SP-FUTURE,3073.0,364,3073.0,2512,NOTHING
08:58:56,SP-FUTURE,3073.0,236,3073.0,2640,NOTHING
08:58:57,SP-FUTURE,3072.0,642,3072.0,2234,NOTHING
08:58:59,SP-FUTURE,3072.0,112,3072.0,2764,NOTHING
08:59:00,SP-FUTURE,3071.0,2796,3071.0,80,NOTHING
08:59:02,SP-FUTURE,3071.0,2813,3071.0,63,NOTHING
08:59:02,SP-FUTURE,3071.0,2074,3071.0,802,NOTHING
08:59:02,SP-FUTURE,3071.0,2499,3071.0,377,NOTHING
08:59:03,SP-FUTURE,3071.0,789,3071.0,2087,NOTHING
08:59:04,SP-FUTURE,3071.0,460,3071.0,2416,NOTHING
08:59:06,SP-FUTURE,3070.0,864,3070.0,2012,NOTHING
08:59:08,SP-FUTURE,3070.0,1042,3070.0,1834,NOTHING
08:59:09,SP-FUTURE,3070.0,667,3070.0,2209,NOTHING
08:59:11,SP-FUTURE,3070.0,1412,3070.0,1464,NOTHING
08:59:12,SP-FUTURE,3070.0,1326,3070.0,1550,NOTHING
08:59:13,SP-FUTURE,3070.0,2746,3070.0,130,NOTHING
08:59:14,SP-FUTURE,3074.0,2444,3074.0,432,NOTHING
08:59:16,SP-FUTURE,3074.0,2079,3074.0,797,NOTHING
08:59:17,SP-FUTURE,3074.0,1216,3074.0,1660,NOTHING
08:59:18,SP-FUTURE,3074.0,2360,3074.0,516,NOTHING
08:59:20,SP-FUTURE,3073.0,1152,3073.0,1724,NOTHING
08:59:22,SP-FUTURE,3073.0,1957,3073.0,919,NOTHING
08:59:24,SP-FUTURE,3073.0,890,3074.0,1986,NOTHING
08:59:25,SP-FUTURE,3073.0,829,3074.0,2047,NOTHING
08:59:27,SP-FUTURE,3073.0,1983,3073.0,893,NOTHING
08:59:28,SP-FUTURE,3073.0,756,3073.0,2120,NOTHING
08:59:29,SP-FUTURE,3073.0,593,3073.0,2283,NOTHING
08:59:30,SP-FUTURE,3073.0,2814,3073.0,62,NOTHING
08:59:31,SP-FUTURE,3073.0,1002,3073.0,1874,NOTHING
08:59:32,SP-FUTURE,3073.0,982,3073.0,1894,NOTHING
08:59:34,SP-FUTURE,3073.0,369,3073.0,2507,NOTHING
08:59:35,SP-FUTURE,3073.0,377,3074.0,2499,NOTHING
08:59:37,SP-FUTURE,3073.0,683,3074.0,2193,NOTHING
08:59:38,SP-FUTURE,3073.0,758,3074.0,2118,NOTHING
08:59:39,SP-FUTURE,3074.0,2245,3074.0,631,NOTHING
08:59:41,SP-FUTURE,3074.0,289,3074.0,2587,NOTHING
08:59:43,SP-FUTURE,3074.0,316,3074.0,2560,NOTHING
08:59:44,SP-FUTURE,3073.0,2870,3074.0,6,NOTHING
08:59:44,SP-FUTURE,3074.0,86,3074.0,2790,NOTHING
08:59:46,SP-FUTURE,3073.0,2438,3074.0,438,NOTHING
08:59:47,SP-FUTURE,3074.0,1058,3074.0,1818,NOTHING
08:59:47,SP-FUTURE,3074.0,1298,3074.0,1578,NOTHING
08:59:48,SP-FUTURE,3074.0,1368,3074.0,1508,NOTHING
08:59:48,SP-FUTURE,3074.0,2733,3074.0,143,NOTHING
08:59:50,SP-FUTURE,3074.0,2826,3074.0,50,NOTHING
08:59:51,SP-FUTURE,3074.0,1525,3074.0,1351,NOTHING
08:59:51,SP-FUTURE,3074.0,422,3074.0,2454,NOTHING
08:59:52,SP-FUTURE,3074.0,984,3074.0,1892,NOTHING
08:59:53,SP-FUTURE,3074.0,1361,3074.0,1515,NOTHING
08:59:54,SP-FUTURE,3075.0,480,3075.0,2396,NOTHING
08:59:55,SP-FUTURE,3074.0,2612,3075.0,264,NOTHING
08:59:56,SP-FUTURE,3075.0,1004,3075.0,1872,NOTHING
08:59:57,SP-FUTURE,3076.0,2095,3076.0,781,NOTHING
08:59:58,SP-FUTURE,3076.0,1073,3076.0,1803,NOTHING
09:00:00,SP-FUTURE,3076.0,2673,3076.0,203,SELL
09:00:01,SP-FUTURE,3076.0,2850,3076.0,26,SELL
09:00:02,SP-FUTURE,3074.0,815,3074.0,2061,SELL
09:00:04,SP-FUTURE,3074.0,1346,3074.0,1530,SELL
09:00:05,SP-FUTURE,3074.0,191,3074.0,2685,SELL
09:00:06,SP-FUTURE,3074.0,238,3074.0,2638,SELL
09:00:07,SP-FUTURE,3074.0,233,3074.0,2643,SELL
09:00:08,SP-FUTURE,3074.0,492,3074.0,2384,SELL
09:00:09,SP-FUTURE,3077.0,1454,3077.0,1422,SELL
09:00:10,SP-FUTURE,3076.0,2586,3077.0,290,SELL
09:00:11,SP-FUTURE,3076.0,1472,3077.0,1404,SELL
09:00:13,SP-FUTURE,3076.0,366,3076.0,2510,SELL
09:00:14,SP-FUTURE,3076.0,2336,3076.0,540,SELL
09:00:16,SP-FUTURE,3075.0,827,3075.0,2049,SELL
09:00:17,SP-FUTURE,3075.0,791,3075.0,2085,SELL
09:00:19,SP-FUTURE,3075.0,1158,3075.0,1718,SELL
09:00:20,SP-FUTURE,3075.0,477,3075.0,2399,SELL
09:00:21,SP-FUTURE,3075.0,440,3075.0,2436,SELL
09:00:23,SP-FUTURE,3075.0,1883,3075.0,993,SELL
09:00:25,SP-FUTURE,3075.0,396,3075.0,2480,SELL
09:00:26,SP-FUTURE,3075.0,456,3075.0,2420,SELL
09:00:27,SP-FUTURE,3072.0,2721,3072.0,155,SELL
09:00:28,SP-FUTURE,3072.0,2526,3072.0,350,SELL
09:00:31,SP-FUTURE,3072.0,2188,3072.0,688,SELL
09:00:32,SP-FUTURE,3072.0,2201,3072.0,675,SELL
09:00:33,SP-FUTURE,3072.0,2506,3072.0,370,SELL
09:00:34,SP-FUTURE,3072.0,1518,3072.0,1358,SELL
09:00:35,SP-FUTURE,3072.0,1077,3072.0,1799,SELL
09:00:37,SP-FUTURE,3072.0,2217,3072.0,659,SELL
09:00:39,SP-FUTURE,3072.0,991,3072.0,1885,SELL
09:00:40,SP-FUTURE,3072.0,633,3072.0,2243,SELL
09:00:41,SP-FUTURE,3071.0,2281,3072.0,595,SELL
09:00:42,SP-FUTURE,3072.0,240,3072.0,2636,SELL
09:00:44,SP-FUTURE,3071.0,1898,3071.0,978,SELL
09:00:45,SP-FUTURE,3070.0,106,3071.0,2770,SELL
09:00:46,SP-FUTURE,3070.0,124,3071.0,2752,SELL
09:00:46,SP-FUTURE,3070.0,2161,3070.0,715,SELL
09:00:48,SP-FUTURE,3070.0,163,3071.0,2713,SELL
09:00:49,SP-FUTURE,3070.0,557,3071.0,2319,SELL
09:00:49,SP-FUTURE,3070.0,430,3071.0,2446,SELL
09:00:50,SP-FUTURE,3070.0,105,3071.0,2771,SELL
09:00:51,SP-FUTURE,3069.0,1465,3069.0,1411,SELL
09:00:51,SP-FUTURE,3069.0,1289,3069.0,1587,SELL
09:00:52,SP-FUTURE,3069.0,2368,3069.0,508,SELL
09:00:54,SP-FUTURE,3069.0,2058,3069.0,818,SELL
09:00:55,SP-FUTURE,3069.0,2358,3069.0,518,SELL
09:00:57,SP-FUTURE,3068.0,1593,3069.0,1283,SELL
09:00:57,SP-FUTURE,3069.0,364,3069.0,2512,SELL
09:00:59,SP-FUTURE,3069.0,739,3069.0,2137,SELL
09:01:00,SP-FUTURE,3069.0,630,3069.0,2246,NOTHING
09:01:01,SP-FUTURE,3069.0,1218,3069.0,1658,NOTHING
09:01:03,SP-FUTURE,3068.0,2270,3069.0,606,NOTHING
09:01:03,SP-FUTURE,3068.0,2241,3069.0,635,NOTHING
09:01:05,SP-FUTURE,3068.0,2728,3069.0,148,NOTHING
09:01:05,SP-FUTURE,3068.0,2312,3069.0,564,NOTHING
09:01:06,SP-FUTURE,3068.0,2295,3068.0,581,NOTHING
09:01:06,SP-FUTURE,3068.0,452,3069.0,2424,NOTHING
09:01:08,SP-FUTURE,3068.0,465,3069.0,2411,NOTHING
09:01:09,SP-FUTURE,3068.0,1522,3069.0,1354,NOTHING
09:01:09,SP-FUTURE,3068.0,1627,3069.0,1249,NOTHING
09:01:10,SP-FUTURE,3068.0,1675,3069.0,1201,NOTHING
09:01:11,SP-FUTURE,3068.0,1856,3069.0,1020,NOTHING
09:01:11,SP-FUTURE,3068.0,2600,3069.0,276,NOTHING
09:01:13,SP-FUTURE,3068.0,1325,3068.0,1551,NOTHING
09:01:15,SP-FUTURE,3068.0,515,3068.0,2361,NOTHING
09:01:15,SP-FUTURE,3068.0,1538,3068.0,1338,NOTHING
09:01:16,SP-FUTURE,3068.0,905,3068.0,1971,NOTHING
09:01:16,SP-FUTURE,3068.0,41,3068.0,2835,NOTHING
09:01:18,SP-FUTURE,3068.0,203,3069.0,2673,NOTHING
09:01:18,SP-FUTURE,3068.0,20,3068.0,2856,NOTHING
09:01:19,SP-FUTURE,3068.0,1250,3068.0,1626,NOTHING
09:01:20,SP-FUTURE,3067.0,2816,3067.0,60,NOTHING
09:01:22,SP-FUTURE,3068.0,146,3068.0,2730,NOTHING
09:01:22,SP-FUTURE,3067.0,2695,3068.0,181,NOTHING
09:01:23,SP-FUTURE,3067.0,2461,3068.0,415,NOTHING
09:01:26,SP-FUTURE,3068.0,95,3068.0,2781,NOTHING
09:01:27,SP-FUTURE,3068.0,227,3068.0,2649,NOTHING
09:01:28,SP-FUTURE,3068.0,1260,3068.0,1616,NOTHING
09:01:29,SP-FUTURE,3068.0,303,3068.0,2573,NOTHING
09:01:30,SP-FUTURE,3068.0,727,3068.0,2149,NOTHING
09:01:31,SP-FUTURE,3068.0,379,3068.0,2497,NOTHING
09:01:32,SP-FUTURE,3068.0,400,3068.0,2476,NOTHING
09:01:34,SP-FUTURE,3066.0,130,3066.0,2746,NOTHING
09:01:34,SP-FUTURE,3065.0,746,3066.0,2130,NOTHING
09:01:35,SP-FUTURE,3066.0,108,3066.0,2768,NOTHING
09:01:37,SP-FUTURE,3066.0,632,3066.0,2244,NOTHING
09:01:38,SP-FUTURE,3066.0,794,3066.0,2082,NOTHING
09:01:39,SP-FUTURE,3065.0,2466,3065.0,410,NOTHING
09:01:40,SP-FUTURE,3066.0,992,3066.0,1884,NOTHING
09:01:42,SP-FUTURE,3066.0,1090,3066.0,1786,NOTHING
09:01:43,SP-FUTURE,3066.0,181,3066.0,2695,NOTHING
09:01:44,SP-FUTURE,3066.0,2271,3066.0,605,NOTHING
09:01:45,SP-FUTURE,3066.0,1937,3066.0,939,NOTHING
09:01:46,SP-FUTURE,3066.0,1934,3066.0,942,NOTHING
09:01:46,SP-FUTURE,3066.0,1756,3066.0,1120,NOTHING
09:01:48,SP-FUTURE,3065.0,1888,3066.0,988,NOTHING
09:01:49,SP-FUTURE,3066.0,706,3066.0,2170,NOTHING
09:01:51,SP-FUTURE,3066.0,2120,3066.0,756,NOTHING
09:01:52,SP-FUTURE,3066.0,1756,3066.0,1120,NOTHING
09:01:53,SP-FUTURE,3066.0,1973,3066.0,903,NOTHING
09:01:54,SP-FUTURE,3066.0,145,3066.0,2731,NOTHING
09:01:55,SP-FUTURE,3066.0,2606,3066.0,270,NOTHING
09:01:56,SP-FUTURE,3066.0,1021,3066.0,1855,NOTHING
09:01:57,SP-FUTURE,3066.0,320,3066.0,2556,NOTHING
09:01:58,SP-FUTURE,3066.0,1191,3066.0,1685,NOTHING
09:01:59,SP-FUTURE,3066.0,743,3066.0,2133,NOTHING
09:02:00,SP-FUTURE,3066.0,1498,3067.0,1378,NOTHING
09:02:00,SP-FUTURE,3066.0,1326,3067.0,1550,NOTHING
09:02:02,SP-FUTURE,3066.0,1273,3067.0,1603,NOTHING
09:02:03,SP-FUTURE,3067.0,34,3067.0,2842,NOTHING
09:02:04,SP-FUTURE,3067.0,516,3067.0,2360,NOTHING
09:02:04,SP-FUTURE,3067.0,1434,3067.0,1442,NOTHING
09:02:05,SP-FUTURE,3067.0,1911,3067.0,965,NOTHING
09:02:06,SP-FUTURE,3067.0,2823,3067.0,53,NOTHING
09:02:08,SP-FUTURE,3067.0,2730,3067.0,146,NOTHING
09:02:09,SP-FUTURE,3067.0,2246,3067.0,630,NOTHING
09:02:10,SP-FUTURE,3067.0,392,3067.0,2484,NOTHING
09:02:10,SP-FUTURE,3067.0,2041,3067.0,835,NOTHING
09:02:11,SP-FUTURE,3067.0,2756,3067.0,120,NOTHING
09:02:12,SP-FUTURE,3067.0,2770,3067.0,106,NOTHING
09:02:14,SP-FUTURE,3067.0,2824,3067.0,52,NOTHING
09:02:15,SP-FUTURE,3067.0,1955,3067.0,921,NOTHING
09:02:17,SP-FUTURE,3066.0,1274,3067.0,1602,NOTHING
09:02:17,SP-FUTURE,3066.0,1409,3067.0,1467,NOTHING
09:02:18,SP-FUTURE,3066.0,1481,3067.0,1395,NOTHING
09:02:19,SP-FUTURE,3067.0,368,3067.0,2508,NOTHING
09:02:20,SP-FUTURE,3067.0,2012,3067.0,864,NOTHING
09:02:21,SP-FUTURE,3067.0,2354,3067.0,522,NOTHING
09:02:22,SP-FUTURE,3067.0,2641,3067.0,235,NOTHING
09:02:24,SP-FUTURE,3067.0,666,3067.0,2210,NOTHING
09:02:25,SP-FUTURE,3067.0,971,3067.0,1905,NOTHING
09:02:26,SP-FUTURE,3067.0,1299,3067.0,1577,NOTHING
09:02:28,SP-FUTURE,3067.0,298,3067.0,2578,NOTHING
09:02:29,SP-FUTURE,3065.0,2259,3065.0,617,NOTHING
09:02:31,SP-FUTURE,3065.0,2517,3065.0,359,NOTHING
09:02:32,SP-FUTURE,3065.0,2493,3065.0,383,NOTHING
09:02:32,SP-FUTURE,3065.0,1607,3065.0,1269,NOTHING
09:02:34,SP-FUTURE,3065.0,1565,3066.0,1311,NOTHING
09:02:35,SP-FUTURE,3067.0,974,3067.0,1902,NOTHING
09:02:35,SP-FUTURE,3067.0,454,3067.0,2422,NOTHING
09:02:38,SP-FUTURE,3067.0,256,3067.0,2620,NOTHING
09:02:38,SP-FUTURE,3067.0,2358,3067.0,518,NOTHING
09:02:39,SP-FUTURE,3067.0,2344,3067.0,532,NOTHING
09:02:42,SP-FUTURE,3067.0,1513,3067.0,1363,NOTHING
09:02:43,SP-FUTURE,3067.0,967,3067.0,1909,NOTHING
09:02:44,SP-FUTURE,3067.0,1400,3067.0,1476,NOTHING
09:02:45,SP-FUTURE,3067.0,261,3067.0,2615,NOTHING
09:02:46,SP-FUTURE,3067.0,349,3067.0,2527,NOTHING
09:02:48,SP-FUTURE,3067.0,2043,3067.0,833,NOTHING
09:02:49,SP-FUTURE,3067.0,2560,3067.0,316,NOTHING
09:02:50,SP-FUTURE,3067.0,2534,3067.0,342,NOTHING
09:02:52,SP-FUTURE,3067.0,2376,3068.0,500,NOTHING
09:02:54,SP-FUTURE,3068.0,1366,3068.0,1510,NOTHING
09:02:55,SP-FUTURE,3068.0,1276,3068.0,1600,NOTHING
09:02:55,SP-FUTURE,3067.0,2071,3068.0,805,NOTHING
09:02:58,SP-FUTURE,3067.0,2013,3068.0,863,NOTHING
09:02:59,SP-FUTURE,3067.0,2052,3068.0,824,NOTHING
09:02:59,SP-FUTURE,3067.0,1939,3068.0,937,NOTHING
09:03:01,SP-FUTURE,3069.0,2109,3069.0,767,NOTHING
09:03:03,SP-FUTURE,3069.0,2560,3069.0,316,NOTHING
09:03:03,SP-FUTURE,3070.0,2424,3071.0,452,NOTHING
09:03:04,SP-FUTURE,3070.0,2620,3071.0,256,NOTHING
09:03:05,SP-FUTURE,3070.0,2635,3071.0,241,NOTHING
09:03:06,SP-FUTURE,3071.0,149,3071.0,2727,NOTHING
09:03:07,SP-FUTURE,3070.0,1752,3071.0,1124,NOTHING
09:03:07,SP-FUTURE,3070.0,912,3071.0,1964,NOTHING
09:03:08,SP-FUTURE,3070.0,950,3071.0,1926,NOTHING
09:03:09,SP-FUTURE,3070.0,600,3071.0,2276,NOTHING
09:03:10,SP-FUTURE,3070.0,108,3071.0,2768,NOTHING
09:03:11,SP-FUTURE,3070.0,10,3071.0,2866,NOTHING
09:03:12,SP-FUTURE,3069.0,255,3069.0,2621,NOTHING
09:03:13,SP-FUTURE,3069.0,1456,3069.0,1420,NOTHING
09:03:14,SP-FUTURE,3069.0,902,3069.0,1974,NOTHING
09:03:15,SP-FUTURE,3069.0,457,3069.0,2419,NOTHING
09:03:16,SP-FUTURE,3069.0,2497,3069.0,379,NOTHING
09:03:17,SP-FUTURE,3068.0,2221,3068.0,655,NOTHING
09:03:17,SP-FUTURE,3068.0,2222,3068.0,654,NOTHING
09:03:19,SP-FUTURE,3068.0,405,3068.0,2471,NOTHING
09:03:19,SP-FUTURE,3068.0,2669,3068.0,207,NOTHING
09:03:19,SP-FUTURE,3068.0,2803,3068.0,73,NOTHING
09:03:21,SP-FUTURE,3068.0,100,3068.0,2776,NOTHING
09:03:21,SP-FUTURE,3068.0,497,3068.0,2379,NOTHING
09:03:23,SP-FUTURE,3068.0,1024,3068.0,1852,NOTHING
09:03:25,SP-FUTURE,3068.0,1054,3068.0,1822,NOTHING
09:03:27,SP-FUTURE,3068.0,650,3068.0,2226,NOTHING
09:03:27,SP-FUTURE,3069.0,900,3069.0,1976,NOTHING
09:03:28,SP-FUTURE,3069.0,138,3069.0,2738,NOTHING
09:03:29,SP-FUTURE,3068.0,113,3068.0,2763,NOTHING
09:03:30,SP-FUTURE,3068.0,1425,3068.0,1451,NOTHING
09:03:31,SP-FUTURE,3068.0,2063,3068.0,813,NOTHING
09:03:31,SP-FUTURE,3068.0,1131,3069.0,1745,NOTHING
09:03:32,SP-FUTURE,3068.0,1213,3068.0,1663,NOTHING
09:03:33,SP-FUTURE,3068.0,843,3068.0,2033,NOTHING
09:03:34,SP-FUTURE,3068.0,919,3068.0,1957,NOTHING
09:03:35,SP-FUTURE,3068.0,1574,3068.0,1302,NOTHING
09:03:36,SP-FUTURE,3068.0,770,3068.0,2106,NOTHING
09:03:37,SP-FUTURE,3068.0,744,3068.0,2132,NOTHING
09:03:38,SP-FUTURE,3068.0,770,3068.0,2106,NOTHING
09:03:39,SP-FUTURE,3068.0,946,3068.0,1930,NOTHING
09:03:40,SP-FUTURE,3068.0,855,3068.0,2021,NOTHING
09:03:41,SP-FUTURE,3068.0,858,3068.0,2018,NOTHING
09:03:42,SP-FUTURE,3068.0,1919,3068.0,957,NOTHING
09:03:43,SP-FUTURE,3068.0,578,3068.0,2298,NOTHING
09:03:44,SP-FUTURE,3068.0,1660,3068.0,1216,NOTHING
09:03:45,SP-FUTURE,3067.0,1794,3067.0,1082,NOTHING
09:03:46,SP-FUTURE,3069.0,1297,3069.0,1579,NOTHING
09:03:46,SP-FUTURE,3069.0,2262,3069.0,614,NOTHING
09:03:48,SP-FUTURE,3069.0,2618,3069.0,258,NOTHING
09:03:49,SP-FUTURE,3069.0,2073,3070.0,803,NOTHING
09:03:51,SP-FUTURE,3070.0,785,3070.0,2091,NOTHING
09:03:52,SP-FUTURE,3070.0,2519,3070.0,357,NOTHING
09:03:52,SP-FUTURE,3070.0,2546,3070.0,330,NOTHING
09:03:54,SP-FUTURE,3070.0,2253,3070.0,623,NOTHING
09:03:54,SP-FUTURE,3069.0,1020,3070.0,1856,NOTHING
09:03:56,SP-FUTURE,3068.0,1707,3068.0,1169,NOTHING
09:03:58,SP-FUTURE,3068.0,2325,3068.0,551,NOTHING
09:03:59,SP-FUTURE,3068.0,1478,3068.0,1398,NOTHING
09:04:00,SP-FUTURE,3068.0,1475,3068.0,1401,NOTHING
09:04:01,SP-FUTURE,3068.0,841,3068.0,2035,NOTHING
09:04:02,SP-FUTURE,3068.0,2837,3068.0,39,NOTHING
09:04:04,SP-FUTURE,3067.0,328,3068.0,2548,NOTHING
09:04:05,SP-FUTURE,3067.0,1122,3067.0,1754,NOTHING
09:04:06,SP-FUTURE,3067.0,656,3067.0,2220,NOTHING
09:04:06,SP-FUTURE,3067.0,2828,3067.0,48,NOTHING
09:04:08,SP-FUTURE,3069.0,838,3069.0,2038,NOTHING
09:04:09,SP-FUTURE,3069.0,162,3069.0,2714,NOTHING
09:04:10,SP-FUTURE,3069.0,697,3069.0,2179,NOTHING
09:04:11,SP-FUTURE,3069.0,388,3069.0,2488,NOTHING
09:04:12,SP-FUTURE,3069.0,452,3069.0,2424,NOTHING
09:04:13,SP-FUTURE,3068.0,979,3069.0,1897,NOTHING
09:04:14,SP-FUTURE,3071.0,1119,3071.0,1757,NOTHING
09:04:15,SP-FUTURE,3071.0,1009,3071.0,1867,NOTHING
09:04:16,SP-FUTURE,3071.0,252,3071.0,2624,NOTHING
09:04:18,SP-FUTURE,3070.0,2022,3070.0,854,NOTHING
09:04:19,SP-FUTURE,3070.0,2022,3070.0,854,NOTHING
09:04:20,SP-FUTURE,3070.0,2568,3071.0,308,NOTHING
09:04:20,SP-FUTURE,3070.0,2643,3071.0,233,NOTHING
09:04:21,SP-FUTURE,3070.0,1947,3070.0,929,NOTHING
09:04:21,SP-FUTURE,3070.0,1909,3070.0,967,NOTHING
09:04:23,SP-FUTURE,3070.0,2730,3070.0,146,NOTHING
09:04:24,SP-FUTURE,3070.0,2755,3070.0,121,NOTHING
09:04:25,SP-FUTURE,3070.0,2037,3070.0,839,NOTHING
09:04:26,SP-FUTURE,3070.0,1842,3070.0,1034,NOTHING
09:04:28,SP-FUTURE,3070.0,174,3070.0,2702,NOTHING
09:04:29,SP-FUTURE,3070.0,100,3070.0,2776,NOTHING
09:04:31,SP-FUTURE,3073.0,2827,3073.0,49,NOTHING
09:04:31,SP-FUTURE,3073.0,2273,3073.0,603,NOTHING
09:04:32,SP-FUTURE,3073.0,2175,3073.0,701,NOTHING
09:04:34,SP-FUTURE,3072.0,1414,3073.0,1462,NOTHING
09:04:35,SP-FUTURE,3071.0,2802,3072.0,74,NOTHING
09:04:37,SP-FUTURE,3072.0,14,3072.0,2862,NOTHING
09:04:38,SP-FUTURE,3072.0,4,3072.0,2872,NOTHING
09:04:39,SP-FUTURE,3070.0,1601,3070.0,1275,NOTHING
09:04:40,SP-FUTURE,3071.0,2774,3072.0,102,NOTHING
09:04:41,SP-FUTURE,3072.0,1477,3072.0,1399,NOTHING
09:04:43,SP-FUTURE,3072.0,2807,3072.0,69,NOTHING
09:04:45,SP-FUTURE,3072.0,2563,3072.0,313,NOTHING
09:04:46,SP-FUTURE,3072.0,2041,3072.0,835,NOTHING
09:04:47,SP-FUTURE,3072.0,1252,3072.0,1624,NOTHING
09:04:47,SP-FUTURE,3072.0,251,3072.0,2625,NOTHING
09:04:49,SP-FUTURE,3072.0,2473,3072.0,403,NOTHING
09:04:50,SP-FUTURE,3072.0,528,3072.0,2348,NOTHING
09:04:51,SP-FUTURE,3072.0,2268,3072.0,608,NOTHING
09:04:53,SP-FUTURE,3072.0,2308,3072.0,568,NOTHING
09:04:55,SP-FUTURE,3072.0,1026,3072.0,1850,NOTHING
09:04:55,SP-FUTURE,3072.0,1048,3072.0,1828,NOTHING
09:04:56,SP-FUTURE,3072.0,2059,3072.0,817,NOTHING
09:04:56,SP-FUTURE,3072.0,340,3072.0,2536,NOTHING
09:04:58,SP-FUTURE,3072.0,2096,3072.0,780,NOTHING
09:04:58,SP-FUTURE,3072.0,2348,3072.0,528,NOTHING
09:04:58,SP-FUTURE,3072.0,2853,3072.0,23,NOTHING
09:04:59,SP-FUTURE,3072.0,1380,3072.0,1496,NOTHING
09:05:00,SP-FUTURE,3072.0,440,3072.0,2436,NOTHING
09:05:01,SP-FUTURE,3073.0,2106,3073.0,770,NOTHING
09:05:01,SP-FUTURE,3073.0,2089,3073.0,787,NOTHING
09:05:02,SP-FUTURE,3073.0,1512,3073.0,1364,NOTHING
