Timestamp,Instrument,Bid Price,Bid Volume,Ask Price,Ask Volume
21:08:54,SP-FUTURE,3066.0,2399,3066.0,424
21:08:54,ESX-FUTURE,3011.0,791,3011.0,2167
21:08:55,ESX-FUTURE,3010.0,2048,3011.0,910
21:08:56,SP-FUTURE,3066.0,2733,3067.0,90
21:08:56,ESX-FUTURE,3010.0,1439,3011.0,1519
21:08:57,SP-FUTURE,3067.0,516,3067.0,2307
21:08:57,ESX-FUTURE,3010.0,2631,3010.0,327
21:08:57,SP-FUTURE,3065.0,359,3065.0,2464
21:08:57,ESX-FUTURE,3010.0,1304,3010.0,1654
21:08:58,ESX-FUTURE,3010.0,1268,3010.0,1690
21:08:58,SP-FUTURE,3064.0,2098,3065.0,725
21:08:59,SP-FUTURE,3064.0,1229,3064.0,1594
21:09:00,ESX-FUTURE,3010.0,1794,3010.0,1164
21:09:00,SP-FUTURE,3064.0,794,3065.0,2029
21:09:01,ESX-FUTURE,3009.0,1115,3009.0,1843
21:09:01,SP-FUTURE,3063.0,871,3064.0,1952
21:09:02,ESX-FUTURE,3010.0,1912,3010.0,1046
21:09:02,SP-FUTURE,3064.0,1438,3064.0,1385
21:09:03,SP-FUTURE,3064.0,331,3064.0,2492
21:09:03,ESX-FUTURE,3010.0,2224,3010.0,734
21:09:03,ESX-FUTURE,3010.0,2229,3010.0,729
21:09:04,SP-FUTURE,3063.0,786,3063.0,2037
21:09:05,ESX-FUTURE,3010.0,111,3010.0,2847
21:09:05,SP-FUTURE,3063.0,1143,3063.0,1680
21:09:06,SP-FUTURE,3063.0,1102,3063.0,1721
21:09:06,ESX-FUTURE,3010.0,613,3010.0,2345
21:09:06,ESX-FUTURE,3010.0,2563,3010.0,395
21:09:07,SP-FUTURE,3063.0,2184,3063.0,639
21:09:07,ESX-FUTURE,3010.0,2564,3010.0,394
21:09:08,SP-FUTURE,3063.0,2315,3063.0,508
21:09:08,ESX-FUTURE,3010.0,2717,3010.0,241
21:09:09,SP-FUTURE,3063.0,2250,3063.0,573
21:09:10,SP-FUTURE,3063.0,195,3063.0,2628
21:09:11,ESX-FUTURE,3010.0,2841,3010.0,117
21:09:11,ESX-FUTURE,3010.0,2527,3010.0,431
21:09:12,SP-FUTURE,3062.0,663,3063.0,2160
21:09:12,ESX-FUTURE,3010.0,1811,3010.0,1147
21:09:12,ESX-FUTURE,3010.0,90,3010.0,2868
21:09:13,SP-FUTURE,3062.0,2343,3063.0,480
21:09:13,ESX-FUTURE,3010.0,821,3010.0,2137
21:09:13,SP-FUTURE,3062.0,1629,3063.0,1194
21:09:14,SP-FUTURE,3062.0,1584,3063.0,1239
21:09:14,ESX-FUTURE,3009.0,993,3010.0,1965
21:09:15,SP-FUTURE,3063.0,867,3063.0,1956
21:09:15,ESX-FUTURE,3010.0,2574,3010.0,384
21:09:16,SP-FUTURE,3063.0,711,3063.0,2112
21:09:17,ESX-FUTURE,3010.0,750,3010.0,2208
21:09:17,SP-FUTURE,3063.0,235,3064.0,2588
21:09:18,SP-FUTURE,3063.0,2504,3063.0,319
21:09:18,ESX-FUTURE,3010.0,1098,3010.0,1860
21:09:18,ESX-FUTURE,3010.0,1189,3010.0,1769
21:09:19,SP-FUTURE,3065.0,1008,3065.0,1815
21:09:19,SP-FUTURE,3064.0,279,3065.0,2544
21:09:20,SP-FUTURE,3064.0,263,3065.0,2560
21:09:20,ESX-FUTURE,3011.0,1146,3011.0,1812
21:09:21,SP-FUTURE,3066.0,918,3067.0,1905
21:09:21,ESX-FUTURE,3011.0,2006,3011.0,952
21:09:22,SP-FUTURE,3066.0,1813,3067.0,1010
21:09:22,ESX-FUTURE,3011.0,243,3011.0,2715
21:09:23,ESX-FUTURE,3011.0,1541,3011.0,1417
21:09:23,SP-FUTURE,3066.0,775,3067.0,2048
21:09:24,SP-FUTURE,3067.0,90,3067.0,2733
21:09:24,SP-FUTURE,3066.0,432,3067.0,2391
21:09:27,ESX-FUTURE,3010.0,2382,3011.0,576
21:09:27,SP-FUTURE,3066.0,2786,3066.0,37
21:09:27,SP-FUTURE,3066.0,1817,3066.0,1006
21:09:27,SP-FUTURE,3066.0,95,3067.0,2728
21:09:27,ESX-FUTURE,3008.0,1641,3009.0,1317
21:09:27,SP-FUTURE,3066.0,857,3066.0,1966
21:09:27,SP-FUTURE,3066.0,180,3066.0,2643
21:09:28,ESX-FUTURE,3008.0,1505,3009.0,1453
21:09:28,SP-FUTURE,3066.0,650,3066.0,2173
21:09:29,ESX-FUTURE,3009.0,525,3009.0,2433
21:09:29,SP-FUTURE,3066.0,846,3066.0,1977
21:09:29,ESX-FUTURE,3009.0,2031,3009.0,927
21:09:30,SP-FUTURE,3066.0,1172,3066.0,1651
21:09:30,SP-FUTURE,3065.0,1508,3065.0,1315
21:09:31,ESX-FUTURE,3009.0,2079,3009.0,879
21:09:31,SP-FUTURE,3065.0,2230,3065.0,593
21:09:31,ESX-FUTURE,3009.0,2074,3009.0,884
21:09:32,ESX-FUTURE,3009.0,929,3009.0,2029
21:09:33,ESX-FUTURE,3009.0,1648,3009.0,1310
21:09:33,SP-FUTURE,3064.0,2812,3065.0,11
21:09:34,SP-FUTURE,3065.0,1007,3065.0,1816
21:09:35,ESX-FUTURE,3009.0,376,3009.0,2582
21:09:35,SP-FUTURE,3065.0,1398,3065.0,1425
21:09:35,ESX-FUTURE,3009.0,2725,3009.0,233
21:09:36,SP-FUTURE,3061.0,1020,3062.0,1803
21:09:37,ESX-FUTURE,3009.0,2724,3009.0,234
21:09:37,SP-FUTURE,3061.0,1015,3061.0,1808
21:09:38,ESX-FUTURE,3009.0,1444,3009.0,1514
21:09:38,ESX-FUTURE,3009.0,1175,3009.0,1783
21:09:38,SP-FUTURE,3061.0,634,3061.0,2189
21:09:39,SP-FUTURE,3060.0,2692,3061.0,131
21:09:39,ESX-FUTURE,3009.0,1215,3009.0,1743
21:09:39,SP-FUTURE,3059.0,1838,3060.0,985
21:09:40,SP-FUTURE,3059.0,2591,3059.0,232
21:09:40,SP-FUTURE,3058.0,1292,3059.0,1531
21:09:41,ESX-FUTURE,3007.0,645,3008.0,2313
21:09:41,SP-FUTURE,3058.0,1280,3059.0,1543
21:09:41,ESX-FUTURE,3007.0,720,3008.0,2238
21:09:42,ESX-FUTURE,3007.0,1651,3008.0,1307
21:09:42,ESX-FUTURE,3007.0,1655,3008.0,1303
21:09:43,SP-FUTURE,3059.0,1459,3060.0,1364
21:09:43,ESX-FUTURE,3008.0,1415,3008.0,1543
21:09:44,ESX-FUTURE,3008.0,1245,3008.0,1713
21:09:44,SP-FUTURE,3059.0,791,3059.0,2032
21:09:45,SP-FUTURE,3061.0,2391,3061.0,432
21:09:45,ESX-FUTURE,3008.0,1185,3008.0,1773
21:09:46,ESX-FUTURE,3008.0,2215,3008.0,743
21:09:46,SP-FUTURE,3061.0,1116,3061.0,1707
21:09:46,SP-FUTURE,3061.0,1492,3061.0,1331
21:09:47,ESX-FUTURE,3008.0,333,3008.0,2625
21:09:48,SP-FUTURE,3061.0,2594,3062.0,229
21:09:48,SP-FUTURE,3062.0,120,3062.0,2703
21:09:48,ESX-FUTURE,3008.0,736,3008.0,2222
21:09:49,ESX-FUTURE,3008.0,1831,3008.0,1127
21:09:49,ESX-FUTURE,3008.0,1637,3008.0,1321
21:09:49,SP-FUTURE,3060.0,821,3060.0,2002
21:09:50,ESX-FUTURE,3008.0,1112,3008.0,1846
21:09:50,SP-FUTURE,3060.0,1839,3061.0,984
21:09:51,ESX-FUTURE,3008.0,1302,3008.0,1656
21:09:51,ESX-FUTURE,3009.0,1268,3009.0,1690
21:09:52,SP-FUTURE,3061.0,32,3062.0,2791
21:09:52,SP-FUTURE,3061.0,2804,3061.0,19
21:09:52,ESX-FUTURE,3009.0,1271,3009.0,1687
21:09:52,ESX-FUTURE,3005.0,1886,3005.0,1072
21:09:53,SP-FUTURE,3061.0,178,3061.0,2645
21:09:53,ESX-FUTURE,3005.0,2336,3005.0,622
21:09:55,ESX-FUTURE,3006.0,754,3006.0,2204
21:09:55,SP-FUTURE,3061.0,550,3061.0,2273
21:09:56,ESX-FUTURE,3006.0,2775,3006.0,183
21:09:56,SP-FUTURE,3061.0,1093,3061.0,1730
21:09:57,SP-FUTURE,3061.0,1567,3061.0,1256
21:09:57,ESX-FUTURE,3006.0,2938,3006.0,20
21:09:57,SP-FUTURE,3061.0,1461,3061.0,1362
21:09:59,SP-FUTURE,3061.0,1472,3061.0,1351
21:09:59,ESX-FUTURE,3006.0,2817,3006.0,141
21:09:59,ESX-FUTURE,3006.0,1466,3006.0,1492
21:10:00,SP-FUTURE,3061.0,1456,3061.0,1367
21:10:00,ESX-FUTURE,3007.0,2893,3007.0,65
21:10:00,SP-FUTURE,3061.0,1462,3061.0,1361
21:10:01,ESX-FUTURE,3007.0,1490,3007.0,1468
21:10:01,ESX-FUTURE,3007.0,604,3008.0,2354
21:10:02,ESX-FUTURE,3006.0,2925,3007.0,33
21:10:02,SP-FUTURE,3061.0,1203,3061.0,1620
21:10:02,SP-FUTURE,3061.0,993,3061.0,1830
21:10:04,SP-FUTURE,3061.0,941,3061.0,1882
21:10:04,ESX-FUTURE,3007.0,297,3008.0,2661
21:10:05,ESX-FUTURE,3010.0,678,3010.0,2280
21:10:05,SP-FUTURE,3060.0,2792,3061.0,31
21:10:06,SP-FUTURE,3060.0,302,3060.0,2521
21:10:07,ESX-FUTURE,3010.0,648,3010.0,2310
21:10:07,SP-FUTURE,3060.0,984,3060.0,1839
21:10:07,ESX-FUTURE,3009.0,2178,3009.0,780
21:10:08,ESX-FUTURE,3009.0,866,3009.0,2092
21:10:09,SP-FUTURE,3059.0,1954,3060.0,869
21:10:09,ESX-FUTURE,3010.0,823,3010.0,2135
21:10:09,SP-FUTURE,3059.0,1985,3060.0,838
21:10:10,SP-FUTURE,3060.0,1779,3060.0,1044
21:10:10,SP-FUTURE,3059.0,2562,3060.0,261
21:10:11,ESX-FUTURE,3010.0,892,3010.0,2066
21:10:11,SP-FUTURE,3060.0,2764,3060.0,59
21:10:12,ESX-FUTURE,3010.0,883,3010.0,2075
21:10:13,SP-FUTURE,3060.0,85,3061.0,2738
21:10:13,ESX-FUTURE,3010.0,859,3010.0,2099
21:10:13,ESX-FUTURE,3010.0,1158,3010.0,1800
21:10:14,SP-FUTURE,3060.0,64,3061.0,2759
21:10:14,ESX-FUTURE,3010.0,1389,3010.0,1569
21:10:15,SP-FUTURE,3060.0,2724,3060.0,99
21:10:15,ESX-FUTURE,3010.0,1648,3010.0,1310
21:10:16,SP-FUTURE,3060.0,1498,3060.0,1325
21:10:16,ESX-FUTURE,3010.0,1086,3010.0,1872
21:10:17,SP-FUTURE,3061.0,1528,3061.0,1295
21:10:17,SP-FUTURE,3061.0,1719,3061.0,1104
21:10:18,ESX-FUTURE,3010.0,511,3011.0,2447
21:10:19,ESX-FUTURE,3010.0,2867,3010.0,91
21:10:19,SP-FUTURE,3061.0,1612,3061.0,1211
21:10:20,ESX-FUTURE,3010.0,1236,3010.0,1722
21:10:21,SP-FUTURE,3061.0,2821,3061.0,2
21:10:21,ESX-FUTURE,3010.0,1231,3010.0,1727
21:10:22,SP-FUTURE,3061.0,46,3061.0,2777
21:10:23,ESX-FUTURE,3010.0,1160,3010.0,1798
21:10:23,SP-FUTURE,3060.0,2260,3060.0,563
21:10:24,SP-FUTURE,3059.0,2797,3060.0,26
21:10:25,SP-FUTURE,3060.0,266,3060.0,2557
21:10:25,ESX-FUTURE,3010.0,1162,3010.0,1796
21:10:26,ESX-FUTURE,3010.0,866,3010.0,2092
21:10:26,SP-FUTURE,3060.0,267,3060.0,2556
21:10:27,SP-FUTURE,3061.0,348,3061.0,2475
21:10:27,ESX-FUTURE,3010.0,1565,3010.0,1393
21:10:28,SP-FUTURE,3061.0,1183,3061.0,1640
21:10:28,ESX-FUTURE,3010.0,1095,3010.0,1863
21:10:29,SP-FUTURE,3062.0,1465,3063.0,1358
21:10:29,ESX-FUTURE,3010.0,1483,3010.0,1475
21:10:29,SP-FUTURE,3063.0,101,3063.0,2722
21:10:30,SP-FUTURE,3063.0,1482,3063.0,1341
21:10:30,ESX-FUTURE,3010.0,1428,3010.0,1530
21:10:31,SP-FUTURE,3062.0,2163,3062.0,660
21:10:31,SP-FUTURE,3062.0,1295,3062.0,1528
21:10:32,ESX-FUTURE,3009.0,1645,3009.0,1313
21:10:33,ESX-FUTURE,3009.0,2041,3009.0,917
21:10:33,SP-FUTURE,3061.0,865,3062.0,1958
21:10:33,SP-FUTURE,3061.0,623,3062.0,2200
21:10:33,SP-FUTURE,3061.0,1732,3062.0,1091
21:10:34,SP-FUTURE,3062.0,392,3062.0,2431
21:10:35,ESX-FUTURE,3009.0,1835,3009.0,1123
21:10:35,ESX-FUTURE,3010.0,1026,3010.0,1932
21:10:36,ESX-FUTURE,3013.0,2163,3013.0,795
21:10:36,SP-FUTURE,3062.0,860,3062.0,1963
21:10:37,ESX-FUTURE,3013.0,217,3013.0,2741
21:10:37,ESX-FUTURE,3013.0,2796,3013.0,162
21:10:38,SP-FUTURE,3062.0,879,3062.0,1944
21:10:38,ESX-FUTURE,3012.0,2569,3013.0,389
21:10:38,ESX-FUTURE,3012.0,2127,3013.0,831
21:10:38,SP-FUTURE,3060.0,2336,3061.0,487
21:10:39,SP-FUTURE,3060.0,2568,3061.0,255
21:10:39,SP-FUTURE,3059.0,1074,3060.0,1749
21:10:40,ESX-FUTURE,3012.0,741,3013.0,2217
21:10:40,ESX-FUTURE,3012.0,230,3013.0,2728
21:10:40,SP-FUTURE,3060.0,2036,3060.0,787
21:10:40,SP-FUTURE,3060.0,2040,3060.0,783
21:10:41,ESX-FUTURE,3013.0,1330,3013.0,1628
21:10:41,SP-FUTURE,3060.0,629,3060.0,2194
21:10:41,ESX-FUTURE,3013.0,1903,3013.0,1055
21:10:42,ESX-FUTURE,3013.0,1710,3013.0,1248
21:10:42,SP-FUTURE,3061.0,2619,3061.0,204
21:10:43,ESX-FUTURE,3013.0,1727,3013.0,1231
21:10:43,ESX-FUTURE,3013.0,1489,3013.0,1469
21:10:43,SP-FUTURE,3061.0,2630,3061.0,193
21:10:44,SP-FUTURE,3061.0,390,3062.0,2433
21:10:45,ESX-FUTURE,3013.0,1697,3013.0,1261
21:10:46,ESX-FUTURE,3013.0,1143,3013.0,1815
21:10:46,SP-FUTURE,3061.0,556,3062.0,2267
21:10:46,SP-FUTURE,3061.0,2640,3061.0,183
21:10:46,ESX-FUTURE,3013.0,1192,3013.0,1766
21:10:47,SP-FUTURE,3061.0,2564,3061.0,259
21:10:47,ESX-FUTURE,3013.0,1222,3013.0,1736
21:10:48,SP-FUTURE,3061.0,2044,3061.0,779
21:10:48,SP-FUTURE,3062.0,426,3062.0,2397
21:10:49,ESX-FUTURE,3013.0,983,3013.0,1975
21:10:49,SP-FUTURE,3061.0,1040,3062.0,1783
21:10:49,ESX-FUTURE,3013.0,1194,3013.0,1764
21:10:51,SP-FUTURE,3062.0,904,3062.0,1919
21:10:52,ESX-FUTURE,3012.0,1652,3013.0,1306
21:10:52,SP-FUTURE,3062.0,1184,3062.0,1639
21:10:53,ESX-FUTURE,3014.0,19,3014.0,2939
21:10:53,ESX-FUTURE,3015.0,1071,3015.0,1887
21:10:53,SP-FUTURE,3062.0,1317,3062.0,1506
21:10:53,ESX-FUTURE,3015.0,848,3016.0,2110
21:10:55,SP-FUTURE,3062.0,1162,3062.0,1661
21:10:55,ESX-FUTURE,3015.0,393,3016.0,2565
21:10:55,SP-FUTURE,3062.0,586,3062.0,2237
21:10:55,SP-FUTURE,3062.0,219,3062.0,2604
21:10:55,ESX-FUTURE,3015.0,2824,3016.0,134
21:10:56,SP-FUTURE,3061.0,2100,3062.0,723
21:10:56,ESX-FUTURE,3015.0,611,3015.0,2347
21:10:57,SP-FUTURE,3064.0,2461,3065.0,362
21:10:57,SP-FUTURE,3064.0,2686,3065.0,137
21:10:58,ESX-FUTURE,3015.0,913,3015.0,2045
21:10:59,SP-FUTURE,3065.0,821,3066.0,2002
21:10:59,ESX-FUTURE,3016.0,2269,3016.0,689
21:11:00,ESX-FUTURE,3015.0,13,3016.0,2945
21:11:00,SP-FUTURE,3065.0,820,3066.0,2003
21:11:01,ESX-FUTURE,3015.0,2692,3016.0,266
21:11:01,SP-FUTURE,3065.0,1216,3066.0,1607
21:11:02,ESX-FUTURE,3015.0,1387,3016.0,1571
21:11:02,SP-FUTURE,3066.0,504,3066.0,2319
21:11:02,SP-FUTURE,3066.0,2353,3066.0,470
21:11:03,ESX-FUTURE,3015.0,2235,3016.0,723
21:11:04,ESX-FUTURE,3015.0,2586,3016.0,372
21:11:05,SP-FUTURE,3066.0,17,3066.0,2806
21:11:05,ESX-FUTURE,3015.0,2920,3016.0,38
21:11:05,SP-FUTURE,3066.0,28,3066.0,2795
21:11:06,SP-FUTURE,3065.0,2552,3066.0,271
21:11:06,ESX-FUTURE,3016.0,278,3016.0,2680
21:11:07,ESX-FUTURE,3016.0,1748,3016.0,1210
21:11:07,SP-FUTURE,3066.0,2202,3067.0,621
21:11:07,ESX-FUTURE,3015.0,1865,3015.0,1093
21:11:08,ESX-FUTURE,3015.0,839,3015.0,2119
21:11:08,SP-FUTURE,3066.0,531,3066.0,2292
21:11:09,ESX-FUTURE,3015.0,2406,3015.0,552
21:11:09,SP-FUTURE,3066.0,522,3066.0,2301
21:11:10,ESX-FUTURE,3015.0,2191,3015.0,767
21:11:10,SP-FUTURE,3065.0,2339,3066.0,484
21:11:11,ESX-FUTURE,3015.0,1826,3015.0,1132
21:11:11,SP-FUTURE,3066.0,91,3066.0,2732
21:11:12,SP-FUTURE,3065.0,2214,3066.0,609
21:11:12,ESX-FUTURE,3015.0,563,3015.0,2395
21:11:12,ESX-FUTURE,3015.0,987,3015.0,1971
21:11:13,SP-FUTURE,3065.0,1290,3066.0,1533
21:11:14,ESX-FUTURE,3015.0,482,3015.0,2476
21:11:14,SP-FUTURE,3065.0,1271,3066.0,1552
21:11:15,ESX-FUTURE,3015.0,1722,3015.0,1236
21:11:15,ESX-FUTURE,3015.0,1694,3015.0,1264
21:11:15,SP-FUTURE,3065.0,1487,3066.0,1336
21:11:16,ESX-FUTURE,3015.0,1984,3015.0,974
21:11:17,SP-FUTURE,3065.0,897,3066.0,1926
21:11:17,SP-FUTURE,3065.0,1310,3065.0,1513
21:11:18,SP-FUTURE,3065.0,2468,3065.0,355
21:11:18,SP-FUTURE,3066.0,276,3066.0,2547
21:11:19,ESX-FUTURE,3015.0,1949,3015.0,1009
21:11:20,SP-FUTURE,3066.0,653,3066.0,2170
21:11:20,ESX-FUTURE,3015.0,816,3015.0,2142
21:11:20,SP-FUTURE,3065.0,2514,3065.0,309
21:11:20,SP-FUTURE,3065.0,1090,3065.0,1733
21:11:20,ESX-FUTURE,3014.0,1335,3015.0,1623
21:11:20,ESX-FUTURE,3014.0,9,3015.0,2949
21:11:22,ESX-FUTURE,3014.0,1249,3014.0,1709
21:11:22,SP-FUTURE,3065.0,1132,3065.0,1691
21:11:23,ESX-FUTURE,3014.0,1737,3014.0,1221
21:11:24,SP-FUTURE,3065.0,59,3066.0,2764
21:11:24,SP-FUTURE,3066.0,2315,3066.0,508
21:11:25,SP-FUTURE,3066.0,420,3066.0,2403
21:11:25,ESX-FUTURE,3014.0,1757,3014.0,1201
21:11:26,ESX-FUTURE,3014.0,316,3014.0,2642
21:11:26,SP-FUTURE,3066.0,409,3066.0,2414
21:11:27,ESX-FUTURE,3014.0,218,3014.0,2740
21:11:28,SP-FUTURE,3066.0,176,3066.0,2647
21:11:28,ESX-FUTURE,3014.0,2516,3014.0,442
21:11:29,ESX-FUTURE,3014.0,2495,3014.0,463
21:11:29,SP-FUTURE,3066.0,349,3067.0,2474
21:11:30,ESX-FUTURE,3014.0,2337,3014.0,621
21:11:31,SP-FUTURE,3066.0,623,3067.0,2200
21:11:32,SP-FUTURE,3066.0,913,3067.0,1910
21:11:32,ESX-FUTURE,3014.0,2755,3014.0,203
21:11:32,ESX-FUTURE,3014.0,2293,3014.0,665
21:11:32,SP-FUTURE,3067.0,236,3067.0,2587
21:11:33,SP-FUTURE,3067.0,149,3067.0,2674
21:11:33,ESX-FUTURE,3014.0,2293,3014.0,665
21:11:33,SP-FUTURE,3067.0,1096,3067.0,1727
21:11:34,SP-FUTURE,3067.0,2006,3067.0,817
21:11:34,ESX-FUTURE,3014.0,2524,3015.0,434
21:11:36,ESX-FUTURE,3014.0,2746,3015.0,212
21:11:36,SP-FUTURE,3067.0,2010,3067.0,813
21:11:37,ESX-FUTURE,3014.0,2924,3015.0,34
21:11:37,SP-FUTURE,3067.0,1984,3067.0,839
21:11:38,ESX-FUTURE,3015.0,45,3015.0,2913
21:11:38,SP-FUTURE,3067.0,1896,3067.0,927
21:11:38,ESX-FUTURE,3012.0,2321,3012.0,637
21:11:39,SP-FUTURE,3067.0,1857,3067.0,966
21:11:39,ESX-FUTURE,3012.0,53,3013.0,2905
21:11:40,SP-FUTURE,3067.0,1847,3067.0,976
21:11:40,ESX-FUTURE,3012.0,1046,3012.0,1912
21:11:40,ESX-FUTURE,3012.0,625,3013.0,2333
21:11:41,SP-FUTURE,3068.0,806,3068.0,2017
21:11:41,ESX-FUTURE,3012.0,677,3013.0,2281
21:11:42,ESX-FUTURE,3012.0,1022,3013.0,1936
21:11:43,SP-FUTURE,3070.0,1063,3070.0,1760
21:11:44,SP-FUTURE,3070.0,1037,3070.0,1786
21:11:44,ESX-FUTURE,3013.0,2482,3014.0,476
21:11:44,SP-FUTURE,3070.0,193,3070.0,2630
21:11:44,SP-FUTURE,3069.0,1251,3069.0,1572
21:11:45,SP-FUTURE,3069.0,1355,3069.0,1468
21:11:46,ESX-FUTURE,3014.0,341,3014.0,2617
21:11:46,SP-FUTURE,3069.0,1245,3069.0,1578
21:11:47,SP-FUTURE,3072.0,1902,3072.0,921
21:11:47,SP-FUTURE,3072.0,1809,3072.0,1014
21:11:48,ESX-FUTURE,3013.0,927,3014.0,2031
21:11:48,SP-FUTURE,3071.0,1967,3072.0,856
21:11:48,SP-FUTURE,3071.0,371,3072.0,2452
21:11:48,SP-FUTURE,3071.0,1083,3071.0,1740
21:11:49,ESX-FUTURE,3013.0,1695,3013.0,1263
21:11:50,SP-FUTURE,3071.0,491,3071.0,2332
21:11:50,SP-FUTURE,3070.0,1850,3070.0,973
21:11:51,ESX-FUTURE,3013.0,1181,3013.0,1777
21:11:51,SP-FUTURE,3070.0,2411,3070.0,412
21:11:52,SP-FUTURE,3070.0,2307,3070.0,516
21:11:52,ESX-FUTURE,3013.0,1812,3013.0,1146
21:11:52,ESX-FUTURE,3013.0,1913,3013.0,1045
21:11:53,ESX-FUTURE,3013.0,1637,3013.0,1321
21:11:53,SP-FUTURE,3068.0,2113,3069.0,710
21:11:54,ESX-FUTURE,3013.0,1303,3013.0,1655
21:11:54,SP-FUTURE,3068.0,2129,3069.0,694
21:11:56,SP-FUTURE,3068.0,2148,3069.0,675
21:11:56,ESX-FUTURE,3013.0,1462,3013.0,1496
21:11:56,ESX-FUTURE,3013.0,851,3013.0,2107
21:11:57,ESX-FUTURE,3013.0,673,3013.0,2285
21:11:57,SP-FUTURE,3068.0,2075,3069.0,748
21:11:57,ESX-FUTURE,3013.0,694,3013.0,2264
21:11:58,SP-FUTURE,3068.0,2311,3069.0,512
21:11:58,SP-FUTURE,3068.0,2069,3069.0,754
21:11:59,ESX-FUTURE,3010.0,2113,3010.0,845
21:11:59,SP-FUTURE,3067.0,618,3068.0,2205
21:11:59,ESX-FUTURE,3010.0,1873,3010.0,1085
21:12:00,ESX-FUTURE,3010.0,693,3010.0,2265
21:12:00,SP-FUTURE,3067.0,2484,3068.0,339
21:12:00,SP-FUTURE,3068.0,636,3068.0,2187
21:12:00,ESX-FUTURE,3010.0,390,3010.0,2568
21:12:01,SP-FUTURE,3068.0,733,3068.0,2090
21:12:02,ESX-FUTURE,3010.0,1666,3010.0,1292
21:12:02,ESX-FUTURE,3010.0,983,3010.0,1975
21:12:02,SP-FUTURE,3068.0,375,3068.0,2448
21:12:03,SP-FUTURE,3067.0,1030,3068.0,1793
21:12:03,ESX-FUTURE,3011.0,966,3011.0,1992
21:12:03,SP-FUTURE,3067.0,1194,3068.0,1629
21:12:04,ESX-FUTURE,3011.0,343,3011.0,2615
21:12:05,SP-FUTURE,3067.0,771,3068.0,2052
21:12:05,ESX-FUTURE,3011.0,841,3012.0,2117
21:12:05,SP-FUTURE,3068.0,2348,3068.0,475
21:12:06,SP-FUTURE,3068.0,1060,3068.0,1763
21:12:07,ESX-FUTURE,3011.0,23,3012.0,2935
21:12:08,SP-FUTURE,3068.0,1059,3068.0,1764
21:12:09,ESX-FUTURE,3012.0,2046,3012.0,912
21:12:09,ESX-FUTURE,3012.0,1951,3012.0,1007
21:12:10,SP-FUTURE,3068.0,1766,3068.0,1057
21:12:10,SP-FUTURE,3068.0,1689,3068.0,1134
21:12:10,ESX-FUTURE,3011.0,1858,3012.0,1100
21:12:10,SP-FUTURE,3068.0,2181,3068.0,642
21:12:10,SP-FUTURE,3068.0,998,3068.0,1825
21:12:11,ESX-FUTURE,3011.0,2276,3012.0,682
21:12:11,SP-FUTURE,3068.0,2497,3068.0,326
21:12:12,SP-FUTURE,3068.0,2760,3068.0,63
21:12:12,ESX-FUTURE,3011.0,2297,3012.0,661
21:12:13,SP-FUTURE,3067.0,2091,3068.0,732
21:12:13,SP-FUTURE,3067.0,778,3068.0,2045
21:12:14,ESX-FUTURE,3011.0,1386,3012.0,1572
21:12:14,SP-FUTURE,3067.0,2343,3067.0,480
21:12:15,ESX-FUTURE,3010.0,401,3011.0,2557
21:12:16,ESX-FUTURE,3010.0,1521,3010.0,1437
21:12:16,SP-FUTURE,3068.0,2720,3068.0,103
21:12:16,SP-FUTURE,3066.0,1786,3066.0,1037
21:12:16,ESX-FUTURE,3010.0,1416,3010.0,1542
21:12:17,SP-FUTURE,3066.0,1448,3066.0,1375
21:12:17,ESX-FUTURE,3009.0,1537,3010.0,1421
21:12:18,ESX-FUTURE,3009.0,1528,3009.0,1430
21:12:18,SP-FUTURE,3066.0,1801,3067.0,1022
21:12:19,SP-FUTURE,3066.0,2343,3067.0,480
21:12:19,ESX-FUTURE,3009.0,152,3010.0,2806
21:12:20,SP-FUTURE,3067.0,588,3067.0,2235
21:12:21,ESX-FUTURE,3012.0,2709,3012.0,249
21:12:21,SP-FUTURE,3067.0,507,3067.0,2316
21:12:22,ESX-FUTURE,3012.0,1721,3012.0,1237
21:12:22,SP-FUTURE,3066.0,1461,3067.0,1362
21:12:23,ESX-FUTURE,3011.0,2589,3011.0,369
21:12:24,ESX-FUTURE,3011.0,2367,3011.0,591
21:12:24,SP-FUTURE,3066.0,1576,3067.0,1247
21:12:25,ESX-FUTURE,3012.0,1613,3012.0,1345
21:12:25,SP-FUTURE,3066.0,718,3067.0,2105
21:12:26,SP-FUTURE,3067.0,1615,3067.0,1208
21:12:27,ESX-FUTURE,3011.0,2724,3012.0,234
21:12:27,ESX-FUTURE,3012.0,1284,3012.0,1674
21:12:28,SP-FUTURE,3066.0,187,3067.0,2636
21:12:28,ESX-FUTURE,3012.0,1236,3012.0,1722
21:12:28,ESX-FUTURE,3012.0,1142,3012.0,1816
21:12:29,SP-FUTURE,3068.0,840,3069.0,1983
21:12:30,ESX-FUTURE,3012.0,2610,3012.0,348
21:12:30,SP-FUTURE,3068.0,1377,3068.0,1446
21:12:31,ESX-FUTURE,3012.0,2572,3013.0,386
21:12:31,SP-FUTURE,3068.0,833,3068.0,1990
21:12:32,ESX-FUTURE,3012.0,1704,3013.0,1254
21:12:32,SP-FUTURE,3068.0,2260,3068.0,563
21:12:33,ESX-FUTURE,3012.0,2230,3013.0,728
21:12:34,SP-FUTURE,3068.0,1842,3068.0,981
21:12:34,ESX-FUTURE,3012.0,113,3013.0,2845
21:12:35,ESX-FUTURE,3013.0,1966,3013.0,992
21:12:36,SP-FUTURE,3069.0,215,3069.0,2608
21:12:36,ESX-FUTURE,3013.0,1897,3013.0,1061
21:12:36,SP-FUTURE,3068.0,23,3069.0,2800
21:12:37,ESX-FUTURE,3013.0,2228,3013.0,730
21:12:37,SP-FUTURE,3068.0,2750,3068.0,73
21:12:38,ESX-FUTURE,3013.0,2431,3013.0,527
21:12:38,ESX-FUTURE,3013.0,2524,3013.0,434
21:12:38,SP-FUTURE,3068.0,2374,3068.0,449
21:12:39,ESX-FUTURE,3013.0,462,3014.0,2496
21:12:39,SP-FUTURE,3069.0,1983,3069.0,840
21:12:40,ESX-FUTURE,3013.0,513,3014.0,2445
21:12:40,SP-FUTURE,3072.0,1678,3072.0,1145
21:12:41,SP-FUTURE,3072.0,1580,3072.0,1243
21:12:41,ESX-FUTURE,3013.0,66,3014.0,2892
21:12:42,ESX-FUTURE,3013.0,1240,3014.0,1718
21:12:42,SP-FUTURE,3072.0,605,3072.0,2218
21:12:43,ESX-FUTURE,3013.0,1756,3014.0,1202
21:12:43,SP-FUTURE,3072.0,1278,3072.0,1545
21:12:44,ESX-FUTURE,3013.0,390,3013.0,2568
21:12:45,SP-FUTURE,3072.0,1292,3073.0,1531
21:12:45,ESX-FUTURE,3013.0,2358,3013.0,600
21:12:45,ESX-FUTURE,3013.0,1314,3013.0,1644
21:12:46,SP-FUTURE,3072.0,355,3072.0,2468
21:12:46,ESX-FUTURE,3014.0,1389,3015.0,1569
21:12:47,SP-FUTURE,3072.0,33,3072.0,2790
21:12:48,ESX-FUTURE,3014.0,1935,3015.0,1023
21:12:48,SP-FUTURE,3072.0,2813,3072.0,10
21:12:48,ESX-FUTURE,3014.0,1939,3015.0,1019
21:12:49,SP-FUTURE,3072.0,760,3072.0,2063
21:12:50,ESX-FUTURE,3014.0,673,3015.0,2285
21:12:50,ESX-FUTURE,3014.0,419,3015.0,2539
21:12:51,SP-FUTURE,3072.0,1633,3072.0,1190
21:12:52,SP-FUTURE,3072.0,1306,3072.0,1517
21:12:52,SP-FUTURE,3072.0,1023,3073.0,1800
21:12:52,ESX-FUTURE,3014.0,287,3015.0,2671
21:12:53,ESX-FUTURE,3014.0,1152,3014.0,1806
21:12:53,ESX-FUTURE,3014.0,1248,3014.0,1710
21:12:53,SP-FUTURE,3072.0,632,3073.0,2191
21:12:53,ESX-FUTURE,3015.0,2010,3015.0,948
21:12:55,SP-FUTURE,3073.0,1068,3073.0,1755
21:12:55,ESX-FUTURE,3015.0,2264,3015.0,694
21:12:56,ESX-FUTURE,3015.0,1278,3015.0,1680
21:12:56,SP-FUTURE,3073.0,1126,3073.0,1697
21:12:57,ESX-FUTURE,3015.0,1558,3016.0,1400
21:12:57,SP-FUTURE,3073.0,2634,3073.0,189
21:12:58,ESX-FUTURE,3015.0,1670,3016.0,1288
21:12:58,ESX-FUTURE,3015.0,2524,3016.0,434
21:12:58,SP-FUTURE,3073.0,151,3073.0,2672
21:12:59,SP-FUTURE,3073.0,1855,3073.0,968
21:12:59,ESX-FUTURE,3016.0,2625,3016.0,333
21:12:59,ESX-FUTURE,3016.0,2421,3016.0,537
21:13:00,SP-FUTURE,3073.0,2502,3073.0,321
21:13:00,ESX-FUTURE,3016.0,717,3016.0,2241
21:13:01,SP-FUTURE,3073.0,2397,3073.0,426
21:13:01,ESX-FUTURE,3016.0,779,3016.0,2179
21:13:02,ESX-FUTURE,3016.0,2268,3016.0,690
21:13:03,SP-FUTURE,3073.0,1253,3074.0,1570
21:13:03,ESX-FUTURE,3016.0,2254,3016.0,704
21:13:04,SP-FUTURE,3071.0,78,3071.0,2745
21:13:04,ESX-FUTURE,3016.0,2496,3016.0,462
21:13:05,SP-FUTURE,3071.0,932,3071.0,1891
21:13:05,SP-FUTURE,3070.0,2746,3071.0,77
21:13:06,ESX-FUTURE,3016.0,2202,3016.0,756
21:13:06,SP-FUTURE,3071.0,1938,3071.0,885
21:13:07,ESX-FUTURE,3015.0,1577,3016.0,1381
21:13:07,ESX-FUTURE,3016.0,1003,3016.0,1955
21:13:07,ESX-FUTURE,3015.0,1440,3015.0,1518
21:13:08,SP-FUTURE,3071.0,385,3071.0,2438
21:13:08,ESX-FUTURE,3015.0,301,3015.0,2657
21:13:09,SP-FUTURE,3072.0,2221,3072.0,602
21:13:09,ESX-FUTURE,3015.0,726,3015.0,2232
21:13:10,ESX-FUTURE,3015.0,1071,3015.0,1887
21:13:10,SP-FUTURE,3072.0,1619,3072.0,1204
21:13:11,ESX-FUTURE,3015.0,872,3015.0,2086
21:13:11,SP-FUTURE,3072.0,328,3073.0,2495
21:13:11,SP-FUTURE,3072.0,432,3072.0,2391
21:13:13,ESX-FUTURE,3018.0,1045,3019.0,1913
21:13:13,SP-FUTURE,3072.0,302,3072.0,2521
21:13:14,ESX-FUTURE,3018.0,1252,3019.0,1706
21:13:15,SP-FUTURE,3072.0,826,3072.0,1997
21:13:15,SP-FUTURE,3072.0,799,3072.0,2024
21:13:15,ESX-FUTURE,3019.0,1686,3019.0,1272
21:13:15,ESX-FUTURE,3019.0,2365,3019.0,593
21:13:16,ESX-FUTURE,3019.0,905,3019.0,2053
21:13:16,ESX-FUTURE,3019.0,791,3020.0,2167
21:13:16,ESX-FUTURE,3019.0,1666,3020.0,1292
21:13:17,ESX-FUTURE,3021.0,845,3022.0,2113
21:13:17,SP-FUTURE,3072.0,1694,3072.0,1129
21:13:17,ESX-FUTURE,3021.0,1978,3021.0,980
21:13:18,ESX-FUTURE,3021.0,2474,3021.0,484
21:13:18,SP-FUTURE,3072.0,2448,3072.0,375
21:13:18,SP-FUTURE,3072.0,2398,3072.0,425
21:13:19,ESX-FUTURE,3021.0,753,3022.0,2205
21:13:19,ESX-FUTURE,3021.0,1906,3021.0,1052
21:13:19,SP-FUTURE,3072.0,1616,3072.0,1207
21:13:19,ESX-FUTURE,3021.0,2174,3021.0,784
21:13:20,ESX-FUTURE,3021.0,180,3022.0,2778
21:13:20,SP-FUTURE,3072.0,1350,3072.0,1473
21:13:21,ESX-FUTURE,3022.0,739,3022.0,2219
21:13:22,ESX-FUTURE,3022.0,644,3022.0,2314
21:13:22,SP-FUTURE,3072.0,2493,3072.0,330
21:13:23,ESX-FUTURE,3022.0,1347,3022.0,1611
21:13:23,SP-FUTURE,3072.0,79,3072.0,2744
21:13:23,ESX-FUTURE,3022.0,2014,3022.0,944
21:13:23,SP-FUTURE,3072.0,2008,3072.0,815
21:13:24,ESX-FUTURE,3022.0,2121,3022.0,837
21:13:24,SP-FUTURE,3072.0,2424,3072.0,399
21:13:24,ESX-FUTURE,3021.0,1424,3021.0,1534
21:13:25,SP-FUTURE,3071.0,2766,3071.0,57
21:13:25,SP-FUTURE,3072.0,75,3072.0,2748
21:13:26,SP-FUTURE,3071.0,1657,3071.0,1166
21:13:26,ESX-FUTURE,3021.0,2035,3021.0,923
21:13:27,ESX-FUTURE,3021.0,433,3021.0,2525
21:13:27,SP-FUTURE,3071.0,1584,3071.0,1239
21:13:28,ESX-FUTURE,3019.0,2474,3020.0,484
21:13:28,SP-FUTURE,3071.0,1589,3071.0,1234
21:13:30,ESX-FUTURE,3020.0,2230,3020.0,728
21:13:30,SP-FUTURE,3071.0,719,3071.0,2104
21:13:31,SP-FUTURE,3070.0,781,3071.0,2042
21:13:31,ESX-FUTURE,3020.0,2215,3020.0,743
21:13:32,ESX-FUTURE,3020.0,1451,3020.0,1507
21:13:32,SP-FUTURE,3071.0,2705,3071.0,118
21:13:32,ESX-FUTURE,3019.0,1128,3020.0,1830
21:13:33,SP-FUTURE,3070.0,2586,3070.0,237
21:13:34,ESX-FUTURE,3019.0,1339,3020.0,1619
21:13:35,ESX-FUTURE,3019.0,1371,3020.0,1587
21:13:35,SP-FUTURE,3070.0,2743,3071.0,80
21:13:36,ESX-FUTURE,3019.0,1224,3020.0,1734
21:13:36,SP-FUTURE,3070.0,646,3071.0,2177
21:13:37,ESX-FUTURE,3020.0,356,3020.0,2602
21:13:37,SP-FUTURE,3070.0,428,3071.0,2395
21:13:38,ESX-FUTURE,3019.0,1844,3020.0,1114
21:13:38,SP-FUTURE,3070.0,392,3071.0,2431
21:13:39,SP-FUTURE,3070.0,1200,3071.0,1623
21:13:40,ESX-FUTURE,3019.0,1918,3020.0,1040
21:13:40,SP-FUTURE,3071.0,11,3072.0,2812
21:13:40,ESX-FUTURE,3019.0,1923,3020.0,1035
21:13:41,SP-FUTURE,3069.0,13,3069.0,2810
21:13:41,ESX-FUTURE,3019.0,1922,3020.0,1036
21:13:42,SP-FUTURE,3069.0,1436,3070.0,1387
21:13:42,ESX-FUTURE,3018.0,2389,3018.0,569
21:13:42,SP-FUTURE,3069.0,1908,3070.0,915
21:13:43,ESX-FUTURE,3018.0,828,3019.0,2130
21:13:43,SP-FUTURE,3070.0,1249,3071.0,1574
21:13:44,SP-FUTURE,3070.0,646,3071.0,2177
21:13:44,ESX-FUTURE,3018.0,882,3019.0,2076
21:13:46,ESX-FUTURE,3019.0,800,3019.0,2158
21:13:46,SP-FUTURE,3070.0,507,3070.0,2316
21:13:46,ESX-FUTURE,3019.0,2947,3019.0,11
21:13:47,ESX-FUTURE,3019.0,154,3019.0,2804
21:13:47,SP-FUTURE,3070.0,821,3070.0,2002
21:13:47,SP-FUTURE,3070.0,745,3070.0,2078
21:13:48,SP-FUTURE,3070.0,709,3070.0,2114
21:13:49,SP-FUTURE,3070.0,591,3070.0,2232
21:13:49,ESX-FUTURE,3019.0,238,3019.0,2720
21:13:50,SP-FUTURE,3070.0,575,3070.0,2248
21:13:50,ESX-FUTURE,3019.0,1820,3019.0,1138
21:13:51,SP-FUTURE,3070.0,2237,3070.0,586
21:13:51,ESX-FUTURE,3019.0,535,3019.0,2423
21:13:52,SP-FUTURE,3070.0,2049,3070.0,774
21:13:52,ESX-FUTURE,3019.0,2208,3019.0,750
21:13:53,ESX-FUTURE,3019.0,2159,3019.0,799
21:13:53,SP-FUTURE,3071.0,381,3071.0,2442
21:13:54,SP-FUTURE,3071.0,1013,3071.0,1810
21:13:54,SP-FUTURE,3071.0,2168,3072.0,655
21:13:55,ESX-FUTURE,3019.0,2541,3019.0,417
21:13:56,SP-FUTURE,3071.0,2276,3072.0,547
21:13:56,ESX-FUTURE,3019.0,1120,3019.0,1838
21:13:57,SP-FUTURE,3071.0,2398,3072.0,425
21:13:57,ESX-FUTURE,3019.0,1238,3019.0,1720
21:13:58,SP-FUTURE,3071.0,1674,3072.0,1149
21:13:58,ESX-FUTURE,3019.0,2418,3019.0,540
21:13:59,SP-FUTURE,3071.0,2477,3072.0,346
21:13:59,ESX-FUTURE,3019.0,1991,3019.0,967
21:14:00,ESX-FUTURE,3019.0,1932,3019.0,1026
21:14:00,SP-FUTURE,3072.0,2564,3072.0,259
21:14:00,ESX-FUTURE,3019.0,2230,3019.0,728
21:14:01,SP-FUTURE,3072.0,41,3073.0,2782
21:14:02,ESX-FUTURE,3019.0,2286,3019.0,672
21:14:02,SP-FUTURE,3072.0,641,3073.0,2182
21:14:03,SP-FUTURE,3072.0,1038,3073.0,1785
21:14:04,ESX-FUTURE,3019.0,99,3019.0,2859
21:14:04,SP-FUTURE,3072.0,1136,3073.0,1687
21:14:04,SP-FUTURE,3072.0,1041,3073.0,1782
21:14:05,SP-FUTURE,3072.0,1015,3073.0,1808
21:14:06,ESX-FUTURE,3019.0,1228,3019.0,1730
21:14:06,SP-FUTURE,3072.0,184,3073.0,2639
21:14:07,ESX-FUTURE,3021.0,900,3021.0,2058
21:14:07,SP-FUTURE,3073.0,789,3073.0,2034
21:14:08,SP-FUTURE,3072.0,1074,3072.0,1749
21:14:08,ESX-FUTURE,3021.0,2135,3021.0,823
21:14:09,ESX-FUTURE,3021.0,1964,3021.0,994
21:14:10,SP-FUTURE,3072.0,774,3072.0,2049
21:14:10,ESX-FUTURE,3021.0,1989,3021.0,969
21:14:11,ESX-FUTURE,3021.0,960,3021.0,1998
21:14:11,SP-FUTURE,3071.0,285,3072.0,2538
21:14:11,ESX-FUTURE,3021.0,2223,3022.0,735
21:14:11,ESX-FUTURE,3021.0,638,3022.0,2320
21:14:11,SP-FUTURE,3071.0,2420,3072.0,403
21:14:12,ESX-FUTURE,3019.0,2302,3019.0,656
21:14:12,SP-FUTURE,3071.0,756,3071.0,2067
21:14:13,SP-FUTURE,3071.0,1022,3071.0,1801
21:14:13,ESX-FUTURE,3019.0,2063,3019.0,895
21:14:14,SP-FUTURE,3071.0,483,3072.0,2340
21:14:14,ESX-FUTURE,3019.0,1979,3019.0,979
21:14:14,ESX-FUTURE,3021.0,443,3021.0,2515
21:14:15,SP-FUTURE,3071.0,430,3072.0,2393
21:14:15,ESX-FUTURE,3021.0,2185,3021.0,773
21:14:16,ESX-FUTURE,3021.0,2226,3021.0,732
21:14:16,SP-FUTURE,3071.0,2819,3071.0,4
21:14:16,SP-FUTURE,3071.0,6,3072.0,2817
21:14:16,ESX-FUTURE,3021.0,2223,3021.0,735
21:14:17,SP-FUTURE,3072.0,1639,3072.0,1184
21:14:18,ESX-FUTURE,3020.0,1961,3021.0,997
21:14:19,ESX-FUTURE,3020.0,342,3021.0,2616
21:14:19,SP-FUTURE,3072.0,630,3072.0,2193
21:14:19,SP-FUTURE,3072.0,837,3072.0,1986
21:14:20,ESX-FUTURE,3020.0,1191,3020.0,1767
21:14:20,SP-FUTURE,3071.0,563,3071.0,2260
21:14:21,SP-FUTURE,3071.0,1247,3071.0,1576
21:14:21,SP-FUTURE,3071.0,1193,3071.0,1630
21:14:21,ESX-FUTURE,3020.0,110,3021.0,2848
21:14:22,SP-FUTURE,3071.0,1229,3071.0,1594
21:14:23,ESX-FUTURE,3020.0,922,3020.0,2036
21:14:24,ESX-FUTURE,3020.0,2462,3020.0,496
21:14:24,SP-FUTURE,3071.0,1130,3071.0,1693
21:14:25,ESX-FUTURE,3020.0,2516,3020.0,442
21:14:25,SP-FUTURE,3070.0,697,3071.0,2126
21:14:27,ESX-FUTURE,3020.0,1019,3020.0,1939
21:14:27,SP-FUTURE,3070.0,1330,3070.0,1493
21:14:28,SP-FUTURE,3070.0,1573,3070.0,1250
21:14:28,ESX-FUTURE,3019.0,648,3019.0,2310
21:14:29,SP-FUTURE,3070.0,1014,3070.0,1809
21:14:30,ESX-FUTURE,3018.0,2683,3019.0,275
21:14:30,SP-FUTURE,3070.0,353,3070.0,2470
21:14:30,ESX-FUTURE,3019.0,485,3019.0,2473
21:14:30,SP-FUTURE,3069.0,2300,3070.0,523
21:14:31,ESX-FUTURE,3018.0,2941,3019.0,17
21:14:31,SP-FUTURE,3065.0,2031,3066.0,792
21:14:32,SP-FUTURE,3065.0,2037,3066.0,786
21:14:33,ESX-FUTURE,3019.0,672,3019.0,2286
21:14:33,ESX-FUTURE,3018.0,1396,3018.0,1562
21:14:33,SP-FUTURE,3067.0,876,3067.0,1947
21:14:34,ESX-FUTURE,3018.0,1024,3018.0,1934
21:14:34,SP-FUTURE,3067.0,694,3067.0,2129
21:14:35,ESX-FUTURE,3018.0,524,3018.0,2434
21:14:36,SP-FUTURE,3067.0,1057,3067.0,1766
21:14:36,ESX-FUTURE,3018.0,1181,3018.0,1777
21:14:36,ESX-FUTURE,3018.0,283,3018.0,2675
21:14:36,ESX-FUTURE,3018.0,1714,3018.0,1244
21:14:37,ESX-FUTURE,3018.0,690,3018.0,2268
21:14:37,SP-FUTURE,3067.0,2311,3067.0,512
21:14:38,ESX-FUTURE,3014.0,2428,3015.0,530
21:14:39,SP-FUTURE,3064.0,171,3064.0,2652
21:14:39,ESX-FUTURE,3014.0,2403,3015.0,555
21:14:39,SP-FUTURE,3064.0,2139,3064.0,684
21:14:40,ESX-FUTURE,3015.0,296,3015.0,2662
21:14:40,SP-FUTURE,3064.0,2258,3064.0,565
21:14:41,ESX-FUTURE,3014.0,789,3014.0,2169
21:14:41,SP-FUTURE,3064.0,1550,3064.0,1273
21:14:42,SP-FUTURE,3064.0,1785,3064.0,1038
21:14:42,ESX-FUTURE,3014.0,2767,3014.0,191
21:14:43,ESX-FUTURE,3014.0,2883,3014.0,75
21:14:43,SP-FUTURE,3064.0,1725,3064.0,1098
21:14:44,ESX-FUTURE,3014.0,979,3015.0,1979
21:14:44,SP-FUTURE,3065.0,480,3065.0,2343
21:14:45,ESX-FUTURE,3014.0,745,3015.0,2213
21:14:46,SP-FUTURE,3065.0,2608,3065.0,215
21:14:46,ESX-FUTURE,3014.0,929,3015.0,2029
21:14:48,SP-FUTURE,3065.0,767,3065.0,2056
21:14:48,ESX-FUTURE,3014.0,996,3015.0,1962
21:14:49,ESX-FUTURE,3014.0,2308,3014.0,650
21:14:49,SP-FUTURE,3065.0,736,3065.0,2087
21:14:49,ESX-FUTURE,3014.0,2145,3014.0,813
21:14:50,SP-FUTURE,3065.0,446,3065.0,2377
21:14:50,ESX-FUTURE,3014.0,612,3015.0,2346
21:14:50,SP-FUTURE,3065.0,539,3065.0,2284
21:14:51,ESX-FUTURE,3014.0,2059,3015.0,899
21:14:51,SP-FUTURE,3065.0,1222,3065.0,1601
21:14:51,SP-FUTURE,3065.0,1534,3065.0,1289
21:14:52,SP-FUTURE,3065.0,1808,3065.0,1015
21:14:52,ESX-FUTURE,3013.0,2787,3014.0,171
21:14:52,SP-FUTURE,3065.0,2026,3065.0,797
21:14:53,ESX-FUTURE,3013.0,2930,3014.0,28
21:14:54,SP-FUTURE,3064.0,2373,3065.0,450
21:14:54,SP-FUTURE,3064.0,2376,3065.0,447
21:14:55,ESX-FUTURE,3013.0,2462,3014.0,496
21:14:55,SP-FUTURE,3065.0,990,3065.0,1833
21:14:55,ESX-FUTURE,3014.0,2747,3014.0,211
21:14:56,SP-FUTURE,3064.0,2751,3064.0,72
21:14:56,ESX-FUTURE,3014.0,2770,3014.0,188
21:14:57,ESX-FUTURE,3014.0,2779,3014.0,179
21:14:57,SP-FUTURE,3064.0,1777,3064.0,1046
21:14:58,ESX-FUTURE,3014.0,2848,3014.0,110
21:14:58,SP-FUTURE,3064.0,2404,3064.0,419
21:14:58,ESX-FUTURE,3014.0,2848,3014.0,110
21:14:59,SP-FUTURE,3060.0,2140,3060.0,683
21:15:00,ESX-FUTURE,3014.0,1707,3014.0,1251
21:15:00,SP-FUTURE,3060.0,2072,3060.0,751
21:15:01,ESX-FUTURE,3014.0,1941,3014.0,1017
21:15:01,SP-FUTURE,3060.0,2787,3060.0,36
21:15:01,ESX-FUTURE,3014.0,1939,3014.0,1019
21:15:02,ESX-FUTURE,3014.0,1961,3014.0,997
21:15:02,SP-FUTURE,3060.0,2273,3060.0,550
21:15:03,SP-FUTURE,3060.0,2112,3060.0,711
21:15:03,ESX-FUTURE,3014.0,978,3014.0,1980
21:15:04,ESX-FUTURE,3013.0,2411,3013.0,547
21:15:04,SP-FUTURE,3059.0,1866,3059.0,957
21:15:05,SP-FUTURE,3056.0,102,3056.0,2721
21:15:05,ESX-FUTURE,3013.0,2393,3013.0,565
21:15:06,ESX-FUTURE,3013.0,2285,3013.0,673
21:15:07,SP-FUTURE,3056.0,2507,3056.0,316
21:15:07,ESX-FUTURE,3013.0,2301,3013.0,657
21:15:07,SP-FUTURE,3055.0,1860,3055.0,963
21:15:08,ESX-FUTURE,3013.0,1224,3013.0,1734
21:15:08,SP-FUTURE,3055.0,929,3055.0,1894
21:15:09,ESX-FUTURE,3012.0,2780,3012.0,178
21:15:09,SP-FUTURE,3055.0,1041,3055.0,1782
21:15:10,SP-FUTURE,3055.0,1056,3055.0,1767
21:15:10,ESX-FUTURE,3012.0,2317,3013.0,641
21:15:10,SP-FUTURE,3055.0,295,3056.0,2528
21:15:11,SP-FUTURE,3052.0,587,3053.0,2236
21:15:12,ESX-FUTURE,3012.0,2265,3013.0,693
21:15:12,ESX-FUTURE,3012.0,1680,3013.0,1278
21:15:12,SP-FUTURE,3052.0,1375,3053.0,1448
21:15:13,SP-FUTURE,3052.0,1824,3053.0,999
21:15:14,ESX-FUTURE,3012.0,792,3013.0,2166
21:15:14,SP-FUTURE,3052.0,894,3053.0,1929
21:15:14,ESX-FUTURE,3013.0,744,3013.0,2214
21:15:15,ESX-FUTURE,3013.0,2372,3013.0,586
21:15:16,SP-FUTURE,3052.0,9,3052.0,2814
21:15:16,ESX-FUTURE,3013.0,2911,3013.0,47
21:15:17,ESX-FUTURE,3013.0,2955,3013.0,3
21:15:17,SP-FUTURE,3052.0,10,3052.0,2813
21:15:18,ESX-FUTURE,3013.0,70,3013.0,2888
21:15:18,SP-FUTURE,3051.0,2746,3052.0,77
21:15:18,SP-FUTURE,3051.0,2741,3052.0,82
21:15:19,SP-FUTURE,3052.0,602,3052.0,2221
21:15:19,ESX-FUTURE,3014.0,1240,3014.0,1718
21:15:20,SP-FUTURE,3052.0,789,3052.0,2034
21:15:20,ESX-FUTURE,3013.0,2773,3014.0,185
21:15:20,SP-FUTURE,3052.0,809,3052.0,2014
21:15:20,SP-FUTURE,3051.0,1794,3052.0,1029
21:15:21,ESX-FUTURE,3013.0,2719,3014.0,239
21:15:21,ESX-FUTURE,3014.0,32,3014.0,2926
21:15:22,SP-FUTURE,3051.0,1791,3052.0,1032
21:15:23,ESX-FUTURE,3013.0,411,3014.0,2547
21:15:23,SP-FUTURE,3051.0,1704,3052.0,1119
21:15:24,ESX-FUTURE,3013.0,426,3014.0,2532
21:15:24,ESX-FUTURE,3013.0,166,3014.0,2792
21:15:25,SP-FUTURE,3051.0,1065,3052.0,1758
21:15:26,ESX-FUTURE,3013.0,2917,3013.0,41
21:15:26,SP-FUTURE,3051.0,1045,3052.0,1778
21:15:26,ESX-FUTURE,3015.0,2062,3015.0,896
21:15:28,SP-FUTURE,3051.0,1022,3052.0,1801
21:15:29,ESX-FUTURE,3015.0,1633,3015.0,1325
21:15:29,SP-FUTURE,3051.0,2152,3052.0,671
21:15:30,ESX-FUTURE,3014.0,142,3014.0,2816
21:15:30,SP-FUTURE,3051.0,1779,3052.0,1044
21:15:30,ESX-FUTURE,3014.0,2052,3014.0,906
21:15:31,SP-FUTURE,3051.0,1697,3052.0,1126
21:15:31,ESX-FUTURE,3014.0,2793,3014.0,165
21:15:32,SP-FUTURE,3051.0,872,3052.0,1951
21:15:33,ESX-FUTURE,3014.0,2618,3014.0,340
21:15:33,SP-FUTURE,3051.0,897,3052.0,1926
21:15:33,ESX-FUTURE,3014.0,2129,3014.0,829
21:15:33,ESX-FUTURE,3014.0,700,3014.0,2258
21:15:33,SP-FUTURE,3051.0,2065,3051.0,758
21:15:34,ESX-FUTURE,3014.0,1687,3014.0,1271
21:15:35,ESX-FUTURE,3014.0,612,3014.0,2346
21:15:35,SP-FUTURE,3051.0,2064,3051.0,759
21:15:36,SP-FUTURE,3052.0,771,3052.0,2052
21:15:37,ESX-FUTURE,3014.0,247,3014.0,2711
21:15:37,SP-FUTURE,3052.0,772,3052.0,2051
21:15:38,ESX-FUTURE,3014.0,2679,3014.0,279
21:15:39,SP-FUTURE,3052.0,1329,3052.0,1494
21:15:39,ESX-FUTURE,3014.0,2429,3014.0,529
21:15:39,SP-FUTURE,3049.0,1990,3049.0,833
21:15:40,ESX-FUTURE,3012.0,1669,3012.0,1289
21:15:40,SP-FUTURE,3049.0,1794,3049.0,1029
21:15:42,SP-FUTURE,3049.0,2016,3049.0,807
21:15:42,ESX-FUTURE,3009.0,1316,3009.0,1642
21:15:42,ESX-FUTURE,3009.0,1680,3009.0,1278
21:15:43,SP-FUTURE,3048.0,2760,3049.0,63
21:15:43,ESX-FUTURE,3009.0,1178,3009.0,1780
21:15:44,ESX-FUTURE,3009.0,1194,3009.0,1764
21:15:44,ESX-FUTURE,3009.0,1197,3009.0,1761
21:15:44,SP-FUTURE,3048.0,760,3049.0,2063
21:15:45,ESX-FUTURE,3009.0,188,3009.0,2770
21:15:46,ESX-FUTURE,3008.0,2632,3009.0,326
21:15:46,SP-FUTURE,3048.0,757,3049.0,2066
21:15:47,SP-FUTURE,3048.0,1219,3049.0,1604
21:15:47,SP-FUTURE,3048.0,856,3049.0,1967
21:15:48,ESX-FUTURE,3009.0,240,3009.0,2718
21:15:49,ESX-FUTURE,3008.0,2439,3009.0,519
21:15:49,SP-FUTURE,3048.0,836,3049.0,1987
21:15:50,SP-FUTURE,3048.0,2802,3048.0,21
21:15:51,ESX-FUTURE,3008.0,2430,3009.0,528
21:15:51,SP-FUTURE,3049.0,192,3049.0,2631
21:15:51,SP-FUTURE,3049.0,140,3049.0,2683
21:15:51,ESX-FUTURE,3009.0,2085,3010.0,873
21:15:53,SP-FUTURE,3049.0,1706,3049.0,1117
21:15:53,ESX-FUTURE,3009.0,1972,3010.0,986
21:15:54,SP-FUTURE,3049.0,1554,3049.0,1269
21:15:55,ESX-FUTURE,3009.0,2217,3010.0,741
21:15:55,SP-FUTURE,3049.0,1606,3049.0,1217
21:15:55,ESX-FUTURE,3008.0,2383,3009.0,575
21:15:56,ESX-FUTURE,3008.0,403,3009.0,2555
21:15:57,SP-FUTURE,3049.0,1630,3049.0,1193
21:15:58,ESX-FUTURE,3008.0,2315,3008.0,643
21:15:58,ESX-FUTURE,3008.0,2459,3008.0,499
21:15:58,SP-FUTURE,3049.0,1157,3050.0,1666
21:15:58,ESX-FUTURE,3008.0,2307,3008.0,651
21:15:59,ESX-FUTURE,3008.0,1383,3008.0,1575
21:16:00,SP-FUTURE,3050.0,1670,3050.0,1153
21:16:00,ESX-FUTURE,3008.0,479,3009.0,2479
21:16:00,ESX-FUTURE,3008.0,638,3009.0,2320
21:16:01,SP-FUTURE,3050.0,964,3050.0,1859
21:16:01,ESX-FUTURE,3008.0,1919,3008.0,1039
21:16:02,SP-FUTURE,3049.0,1306,3049.0,1517
21:16:02,ESX-FUTURE,3008.0,793,3008.0,2165
21:16:03,SP-FUTURE,3049.0,1436,3049.0,1387
21:16:03,ESX-FUTURE,3008.0,2946,3008.0,12
21:16:04,SP-FUTURE,3049.0,2201,3049.0,622
21:16:04,ESX-FUTURE,3008.0,999,3008.0,1959
21:16:04,SP-FUTURE,3049.0,1749,3049.0,1074
21:16:05,SP-FUTURE,3049.0,1199,3049.0,1624
21:16:05,ESX-FUTURE,3009.0,1711,3009.0,1247
21:16:06,SP-FUTURE,3049.0,2372,3049.0,451
21:16:07,ESX-FUTURE,3009.0,1385,3009.0,1573
21:16:07,SP-FUTURE,3049.0,2309,3049.0,514
21:16:08,ESX-FUTURE,3009.0,2007,3009.0,951
21:16:09,SP-FUTURE,3049.0,2038,3049.0,785
21:16:09,SP-FUTURE,3049.0,2698,3049.0,125
21:16:10,ESX-FUTURE,3009.0,1820,3009.0,1138
21:16:10,ESX-FUTURE,3009.0,2036,3009.0,922
21:16:11,SP-FUTURE,3049.0,254,3049.0,2569
21:16:12,ESX-FUTURE,3009.0,2005,3009.0,953
21:16:12,SP-FUTURE,3049.0,646,3050.0,2177
21:16:12,SP-FUTURE,3049.0,665,3049.0,2158
21:16:13,ESX-FUTURE,3008.0,2767,3009.0,191
21:16:14,SP-FUTURE,3049.0,265,3049.0,2558
21:16:14,ESX-FUTURE,3009.0,1141,3009.0,1817
21:16:14,SP-FUTURE,3049.0,5,3049.0,2818
21:16:15,ESX-FUTURE,3009.0,1142,3009.0,1816
21:16:15,SP-FUTURE,3048.0,1706,3048.0,1117
21:16:15,ESX-FUTURE,3010.0,67,3010.0,2891
21:16:15,SP-FUTURE,3048.0,2252,3048.0,571
21:16:16,SP-FUTURE,3048.0,2716,3048.0,107
21:16:17,ESX-FUTURE,3010.0,429,3010.0,2529
21:16:17,SP-FUTURE,3049.0,1974,3049.0,849
21:16:18,ESX-FUTURE,3010.0,131,3010.0,2827
21:16:18,ESX-FUTURE,3010.0,1543,3010.0,1415
21:16:19,SP-FUTURE,3048.0,2690,3048.0,133
21:16:20,ESX-FUTURE,3010.0,744,3010.0,2214
21:16:21,SP-FUTURE,3048.0,2633,3048.0,190
21:16:21,ESX-FUTURE,3010.0,229,3010.0,2729
21:16:22,SP-FUTURE,3049.0,781,3049.0,2042
21:16:22,ESX-FUTURE,3009.0,745,3010.0,2213
21:16:23,SP-FUTURE,3048.0,2560,3049.0,263
21:16:23,ESX-FUTURE,3009.0,908,3009.0,2050
21:16:24,SP-FUTURE,3049.0,1965,3049.0,858
21:16:24,ESX-FUTURE,3009.0,923,3009.0,2035
21:16:24,ESX-FUTURE,3010.0,358,3010.0,2600
21:16:25,SP-FUTURE,3049.0,2091,3049.0,732
21:16:26,ESX-FUTURE,3010.0,1303,3010.0,1655
21:16:26,SP-FUTURE,3049.0,2561,3049.0,262
21:16:27,ESX-FUTURE,3010.0,1706,3010.0,1252
21:16:28,ESX-FUTURE,3010.0,1999,3010.0,959
21:16:28,SP-FUTURE,3049.0,2594,3049.0,229
21:16:29,ESX-FUTURE,3006.0,2808,3006.0,150
21:16:30,SP-FUTURE,3049.0,2649,3049.0,174
21:16:30,ESX-FUTURE,3006.0,2638,3006.0,320
21:16:30,ESX-FUTURE,3006.0,2159,3006.0,799
21:16:31,ESX-FUTURE,3006.0,2162,3006.0,796
21:16:31,SP-FUTURE,3049.0,924,3049.0,1899
21:16:32,SP-FUTURE,3049.0,2276,3049.0,547
21:16:33,SP-FUTURE,3049.0,2116,3049.0,707
21:16:33,ESX-FUTURE,3006.0,2258,3006.0,700
21:16:34,ESX-FUTURE,3006.0,1096,3006.0,1862
21:16:34,SP-FUTURE,3049.0,949,3049.0,1874
21:16:35,SP-FUTURE,3050.0,201,3050.0,2622
21:16:35,ESX-FUTURE,3007.0,1433,3007.0,1525
21:16:36,SP-FUTURE,3050.0,159,3050.0,2664
21:16:37,ESX-FUTURE,3007.0,1318,3007.0,1640
21:16:37,SP-FUTURE,3050.0,1148,3050.0,1675
21:16:37,ESX-FUTURE,3007.0,1322,3007.0,1636
21:16:37,SP-FUTURE,3050.0,981,3050.0,1842
21:16:38,ESX-FUTURE,3006.0,650,3007.0,2308
21:16:38,ESX-FUTURE,3006.0,2104,3006.0,854
21:16:39,SP-FUTURE,3050.0,2144,3050.0,679
21:16:39,SP-FUTURE,3050.0,1551,3050.0,1272
21:16:39,ESX-FUTURE,3007.0,351,3007.0,2607
21:16:39,SP-FUTURE,3050.0,1435,3050.0,1388
21:16:40,ESX-FUTURE,3007.0,689,3007.0,2269
21:16:40,SP-FUTURE,3050.0,314,3050.0,2509
21:16:41,SP-FUTURE,3050.0,2356,3050.0,467
21:16:41,ESX-FUTURE,3007.0,2874,3007.0,84
21:16:41,SP-FUTURE,3050.0,2453,3050.0,370
21:16:42,SP-FUTURE,3050.0,2523,3050.0,300
21:16:43,ESX-FUTURE,3007.0,2668,3007.0,290
21:16:43,ESX-FUTURE,3005.0,572,3006.0,2386
21:16:43,ESX-FUTURE,3005.0,96,3006.0,2862
21:16:44,SP-FUTURE,3050.0,68,3050.0,2755
21:16:44,ESX-FUTURE,3005.0,267,3006.0,2691
21:16:45,ESX-FUTURE,3005.0,382,3006.0,2576
21:16:45,SP-FUTURE,3050.0,2545,3050.0,278
21:16:46,ESX-FUTURE,3005.0,2416,3005.0,542
21:16:46,SP-FUTURE,3050.0,125,3050.0,2698
21:16:46,SP-FUTURE,3050.0,138,3050.0,2685
21:16:47,ESX-FUTURE,3005.0,1927,3005.0,1031
21:16:47,SP-FUTURE,3050.0,1745,3050.0,1078
21:16:48,SP-FUTURE,3051.0,425,3051.0,2398
21:16:48,ESX-FUTURE,3006.0,900,3006.0,2058
21:16:49,SP-FUTURE,3050.0,1790,3051.0,1033
21:16:49,ESX-FUTURE,3006.0,2025,3006.0,933
21:16:50,SP-FUTURE,3050.0,1787,3051.0,1036
21:16:50,SP-FUTURE,3050.0,2082,3051.0,741
21:16:50,ESX-FUTURE,3005.0,2428,3006.0,530
21:16:51,ESX-FUTURE,3006.0,1832,3006.0,1126
21:16:51,SP-FUTURE,3051.0,1217,3051.0,1606
21:16:52,SP-FUTURE,3051.0,1881,3051.0,942
21:16:53,SP-FUTURE,3051.0,1528,3051.0,1295
21:16:53,ESX-FUTURE,3006.0,706,3006.0,2252
21:16:53,ESX-FUTURE,3006.0,514,3006.0,2444
21:16:54,SP-FUTURE,3051.0,579,3051.0,2244
21:16:54,SP-FUTURE,3051.0,596,3052.0,2227
21:16:55,ESX-FUTURE,3005.0,335,3006.0,2623
21:16:56,ESX-FUTURE,3005.0,2754,3006.0,204
21:16:56,SP-FUTURE,3051.0,2818,3051.0,5
21:16:57,ESX-FUTURE,3005.0,2755,3006.0,203
21:16:57,SP-FUTURE,3051.0,626,3051.0,2197
21:16:58,ESX-FUTURE,3005.0,2894,3005.0,64
21:16:58,ESX-FUTURE,3005.0,2029,3005.0,929
21:16:59,SP-FUTURE,3051.0,536,3051.0,2287
21:16:59,ESX-FUTURE,3005.0,1214,3005.0,1744
21:17:00,SP-FUTURE,3051.0,2249,3051.0,574
21:17:00,ESX-FUTURE,3005.0,1937,3005.0,1021
21:17:01,SP-FUTURE,3051.0,600,3051.0,2223
21:17:01,ESX-FUTURE,3005.0,1910,3005.0,1048
21:17:02,SP-FUTURE,3051.0,224,3052.0,2599
21:17:02,ESX-FUTURE,3005.0,1889,3005.0,1069
21:17:03,SP-FUTURE,3051.0,1357,3051.0,1466
21:17:03,ESX-FUTURE,3004.0,2280,3005.0,678
21:17:04,ESX-FUTURE,3004.0,1406,3005.0,1552
21:17:04,SP-FUTURE,3051.0,2035,3051.0,788
21:17:05,ESX-FUTURE,3004.0,1523,3005.0,1435
21:17:05,SP-FUTURE,3051.0,2355,3051.0,468
21:17:06,ESX-FUTURE,3003.0,2319,3003.0,639
21:17:06,SP-FUTURE,3051.0,1972,3051.0,851
21:17:07,ESX-FUTURE,3003.0,1844,3003.0,1114
21:17:07,SP-FUTURE,3051.0,2352,3051.0,471
21:17:08,ESX-FUTURE,3003.0,1428,3004.0,1530
21:17:08,SP-FUTURE,3051.0,220,3051.0,2603
21:17:09,ESX-FUTURE,3003.0,728,3004.0,2230
21:17:09,SP-FUTURE,3051.0,986,3051.0,1837
21:17:10,SP-FUTURE,3051.0,2413,3051.0,410
21:17:11,SP-FUTURE,3051.0,1090,3051.0,1733
21:17:11,ESX-FUTURE,3003.0,1991,3003.0,967
21:17:12,ESX-FUTURE,3004.0,2548,3004.0,410
21:17:12,ESX-FUTURE,3004.0,1132,3004.0,1826
21:17:12,SP-FUTURE,3051.0,159,3051.0,2664
21:17:13,SP-FUTURE,3052.0,1993,3052.0,830
21:17:14,ESX-FUTURE,3004.0,2528,3004.0,430
21:17:14,ESX-FUTURE,3004.0,2504,3004.0,454
21:17:15,SP-FUTURE,3052.0,1949,3052.0,874
21:17:15,ESX-FUTURE,3005.0,25,3005.0,2933
21:17:15,SP-FUTURE,3052.0,1948,3052.0,875
21:17:15,ESX-FUTURE,3005.0,327,3005.0,2631
21:17:16,ESX-FUTURE,3005.0,256,3005.0,2702
21:17:16,ESX-FUTURE,3002.0,1402,3003.0,1556
21:17:16,SP-FUTURE,3052.0,2222,3052.0,601
21:17:17,ESX-FUTURE,3002.0,1577,3003.0,1381
21:17:17,SP-FUTURE,3052.0,2098,3052.0,725
21:17:18,SP-FUTURE,3052.0,156,3052.0,2667
21:17:19,ESX-FUTURE,3002.0,2057,3003.0,901
21:17:20,ESX-FUTURE,3002.0,2662,3003.0,296
21:17:20,SP-FUTURE,3051.0,2663,3052.0,160
21:17:21,SP-FUTURE,3051.0,1111,3051.0,1712
21:17:21,ESX-FUTURE,3003.0,2920,3004.0,38
21:17:22,ESX-FUTURE,3003.0,2921,3004.0,37
21:17:22,ESX-FUTURE,3004.0,921,3004.0,2037
21:17:23,ESX-FUTURE,3004.0,896,3004.0,2062
21:17:23,SP-FUTURE,3052.0,508,3052.0,2315
21:17:24,ESX-FUTURE,3004.0,2206,3004.0,752
21:17:24,SP-FUTURE,3052.0,1191,3052.0,1632
21:17:24,ESX-FUTURE,3004.0,334,3005.0,2624
21:17:25,SP-FUTURE,3052.0,815,3052.0,2008
21:17:26,ESX-FUTURE,3004.0,2316,3004.0,642
21:17:26,SP-FUTURE,3052.0,2264,3052.0,559
21:17:27,ESX-FUTURE,3004.0,616,3005.0,2342
21:17:27,SP-FUTURE,3051.0,1981,3052.0,842
21:17:27,SP-FUTURE,3053.0,189,3053.0,2634
21:17:27,ESX-FUTURE,3004.0,829,3005.0,2129
21:17:28,ESX-FUTURE,3004.0,915,3005.0,2043
21:17:29,SP-FUTURE,3053.0,2657,3053.0,166
21:17:29,ESX-FUTURE,3003.0,1534,3003.0,1424
21:17:29,ESX-FUTURE,3003.0,1498,3003.0,1460
21:17:29,SP-FUTURE,3053.0,856,3054.0,1967
21:17:30,SP-FUTURE,3053.0,2179,3053.0,644
21:17:30,ESX-FUTURE,3003.0,71,3003.0,2887
21:17:31,SP-FUTURE,3057.0,329,3057.0,2494
21:17:31,ESX-FUTURE,3003.0,88,3003.0,2870
21:17:31,ESX-FUTURE,3003.0,1049,3003.0,1909
21:17:32,SP-FUTURE,3057.0,37,3057.0,2786
21:17:32,SP-FUTURE,3057.0,340,3057.0,2483
21:17:33,ESX-FUTURE,3003.0,752,3003.0,2206
21:17:33,SP-FUTURE,3057.0,2781,3057.0,42
21:17:34,ESX-FUTURE,3002.0,1174,3003.0,1784
21:17:35,SP-FUTURE,3057.0,2305,3057.0,518
21:17:35,SP-FUTURE,3059.0,2424,3059.0,399
21:17:35,ESX-FUTURE,3002.0,1980,3003.0,978
21:17:35,SP-FUTURE,3059.0,381,3059.0,2442
21:17:36,SP-FUTURE,3059.0,2384,3059.0,439
21:17:36,ESX-FUTURE,3002.0,1113,3003.0,1845
21:17:37,SP-FUTURE,3059.0,2735,3059.0,88
21:17:38,SP-FUTURE,3061.0,1205,3061.0,1618
21:17:38,ESX-FUTURE,3003.0,211,3003.0,2747
21:17:39,ESX-FUTURE,3003.0,531,3003.0,2427
21:17:39,ESX-FUTURE,3003.0,1357,3003.0,1601
21:17:40,ESX-FUTURE,3003.0,2213,3003.0,745
21:17:40,SP-FUTURE,3061.0,1693,3061.0,1130
21:17:40,ESX-FUTURE,3003.0,63,3004.0,2895
21:17:40,SP-FUTURE,3061.0,1734,3061.0,1089
21:17:42,SP-FUTURE,3065.0,2817,3065.0,6
21:17:42,ESX-FUTURE,3003.0,39,3004.0,2919
21:17:43,SP-FUTURE,3065.0,2813,3065.0,10
21:17:44,SP-FUTURE,3065.0,2803,3065.0,20
21:17:44,ESX-FUTURE,3003.0,2865,3003.0,93
21:17:45,SP-FUTURE,3065.0,148,3066.0,2675
21:17:46,ESX-FUTURE,3003.0,2406,3003.0,552
21:17:46,SP-FUTURE,3065.0,776,3065.0,2047
21:17:47,SP-FUTURE,3062.0,1945,3062.0,878
21:17:47,ESX-FUTURE,3004.0,10,3004.0,2948
21:17:48,ESX-FUTURE,3004.0,1982,3004.0,976
21:17:48,SP-FUTURE,3062.0,1322,3062.0,1501
21:17:49,ESX-FUTURE,3004.0,901,3004.0,2057
21:17:50,SP-FUTURE,3062.0,2198,3062.0,625
21:17:50,ESX-FUTURE,3004.0,975,3004.0,1983
21:17:50,ESX-FUTURE,3004.0,890,3004.0,2068
21:17:51,SP-FUTURE,3062.0,998,3062.0,1825
21:17:51,ESX-FUTURE,3004.0,207,3004.0,2751
21:17:52,SP-FUTURE,3062.0,258,3062.0,2565
21:17:52,SP-FUTURE,3062.0,1053,3062.0,1770
21:17:53,ESX-FUTURE,3004.0,1270,3004.0,1688
21:17:53,SP-FUTURE,3062.0,1147,3062.0,1676
21:17:54,ESX-FUTURE,3003.0,255,3003.0,2703
21:17:54,ESX-FUTURE,3003.0,984,3003.0,1974
21:17:54,ESX-FUTURE,3003.0,6,3003.0,2952
21:17:55,SP-FUTURE,3062.0,1147,3062.0,1676
21:17:56,ESX-FUTURE,3004.0,286,3004.0,2672
21:17:56,ESX-FUTURE,3004.0,863,3004.0,2095
21:17:56,SP-FUTURE,3062.0,1727,3062.0,1096
21:17:57,ESX-FUTURE,3003.0,1268,3004.0,1690
21:17:58,SP-FUTURE,3062.0,1410,3063.0,1413
21:17:59,ESX-FUTURE,3004.0,475,3004.0,2483
21:17:59,SP-FUTURE,3062.0,1528,3063.0,1295
21:17:59,SP-FUTURE,3062.0,960,3063.0,1863
21:18:00,SP-FUTURE,3062.0,539,3063.0,2284
21:18:00,ESX-FUTURE,3004.0,2462,3004.0,496
21:18:01,ESX-FUTURE,3004.0,2623,3004.0,335
21:18:01,SP-FUTURE,3062.0,1112,3063.0,1711
21:18:03,ESX-FUTURE,3004.0,775,3004.0,2183
21:18:03,SP-FUTURE,3063.0,508,3063.0,2315
21:18:03,ESX-FUTURE,3004.0,656,3004.0,2302
21:18:04,SP-FUTURE,3063.0,34,3063.0,2789
21:18:05,ESX-FUTURE,3004.0,655,3004.0,2303
21:18:05,SP-FUTURE,3063.0,1055,3063.0,1768
21:18:05,ESX-FUTURE,3004.0,158,3005.0,2800
21:18:06,ESX-FUTURE,3004.0,189,3005.0,2769
21:18:07,SP-FUTURE,3063.0,1356,3063.0,1467
21:18:07,SP-FUTURE,3063.0,390,3063.0,2433
21:18:08,SP-FUTURE,3063.0,341,3063.0,2482
21:18:08,ESX-FUTURE,3004.0,2233,3004.0,725
21:18:09,SP-FUTURE,3063.0,404,3063.0,2419
21:18:10,ESX-FUTURE,3004.0,2512,3004.0,446
21:18:10,SP-FUTURE,3063.0,634,3063.0,2189
21:18:11,SP-FUTURE,3063.0,669,3063.0,2154
21:18:11,ESX-FUTURE,3004.0,796,3004.0,2162
21:18:12,SP-FUTURE,3063.0,1027,3063.0,1796
21:18:12,SP-FUTURE,3062.0,1835,3063.0,988
21:18:13,ESX-FUTURE,3004.0,1917,3004.0,1041
21:18:13,ESX-FUTURE,3004.0,1172,3004.0,1786
21:18:14,SP-FUTURE,3062.0,2744,3063.0,79
21:18:15,ESX-FUTURE,3004.0,414,3004.0,2544
21:18:15,SP-FUTURE,3062.0,2812,3063.0,11
21:18:16,SP-FUTURE,3062.0,2443,3063.0,380
21:18:16,ESX-FUTURE,3004.0,590,3004.0,2368
21:18:17,ESX-FUTURE,3004.0,1591,3004.0,1367
21:18:17,SP-FUTURE,3062.0,2627,3062.0,196
21:18:17,ESX-FUTURE,3004.0,1742,3004.0,1216
21:18:18,ESX-FUTURE,3004.0,1216,3004.0,1742
21:18:18,SP-FUTURE,3062.0,2366,3062.0,457
21:18:19,ESX-FUTURE,3004.0,1484,3004.0,1474
21:18:19,ESX-FUTURE,3004.0,1496,3004.0,1462
21:18:19,SP-FUTURE,3062.0,786,3062.0,2037
21:18:20,SP-FUTURE,3062.0,600,3062.0,2223
21:18:21,ESX-FUTURE,3004.0,926,3004.0,2032
21:18:21,SP-FUTURE,3062.0,1135,3062.0,1688
21:18:22,ESX-FUTURE,3004.0,577,3004.0,2381
21:18:23,SP-FUTURE,3062.0,736,3062.0,2087
21:18:23,ESX-FUTURE,3006.0,2524,3007.0,434
21:18:24,SP-FUTURE,3062.0,83,3062.0,2740
21:18:24,ESX-FUTURE,3006.0,2516,3007.0,442
21:18:24,SP-FUTURE,3062.0,2251,3062.0,572
21:18:25,SP-FUTURE,3062.0,2389,3062.0,434
21:18:25,ESX-FUTURE,3006.0,2588,3007.0,370
21:18:26,SP-FUTURE,3062.0,2110,3062.0,713
21:18:26,ESX-FUTURE,3006.0,1792,3007.0,1166
21:18:28,SP-FUTURE,3062.0,2111,3062.0,712
21:18:28,ESX-FUTURE,3006.0,449,3007.0,2509
21:18:28,SP-FUTURE,3061.0,2427,3062.0,396
21:18:29,ESX-FUTURE,3006.0,2412,3006.0,546
21:18:29,ESX-FUTURE,3006.0,2639,3006.0,319
21:18:30,ESX-FUTURE,3006.0,654,3007.0,2304
21:18:30,SP-FUTURE,3061.0,1584,3061.0,1239
21:18:31,ESX-FUTURE,3007.0,1567,3007.0,1391
21:18:31,ESX-FUTURE,3005.0,1421,3005.0,1537
21:18:31,SP-FUTURE,3061.0,239,3062.0,2584
21:18:32,SP-FUTURE,3061.0,433,3062.0,2390
21:18:33,ESX-FUTURE,3005.0,965,3005.0,1993
21:18:34,SP-FUTURE,3061.0,272,3062.0,2551
21:18:34,ESX-FUTURE,3005.0,96,3005.0,2862
21:18:35,SP-FUTURE,3061.0,262,3062.0,2561
21:18:35,ESX-FUTURE,3005.0,67,3005.0,2891
21:18:36,ESX-FUTURE,3005.0,1595,3005.0,1363
21:18:36,ESX-FUTURE,3009.0,2939,3009.0,19
21:18:36,SP-FUTURE,3061.0,2292,3061.0,531
21:18:37,ESX-FUTURE,3009.0,327,3009.0,2631
21:18:37,SP-FUTURE,3061.0,1784,3061.0,1039
21:18:37,ESX-FUTURE,3009.0,362,3009.0,2596
21:18:38,ESX-FUTURE,3008.0,1755,3009.0,1203
21:18:38,SP-FUTURE,3059.0,2217,3059.0,606
21:18:38,SP-FUTURE,3059.0,1078,3060.0,1745
21:18:39,ESX-FUTURE,3008.0,798,3009.0,2160
21:18:39,ESX-FUTURE,3008.0,2565,3009.0,393
21:18:40,SP-FUTURE,3059.0,607,3060.0,2216
21:18:40,ESX-FUTURE,3010.0,441,3010.0,2517
21:18:41,SP-FUTURE,3059.0,1360,3059.0,1463
21:18:41,ESX-FUTURE,3010.0,2075,3010.0,883
21:18:42,SP-FUTURE,3060.0,793,3060.0,2030
21:18:42,ESX-FUTURE,3010.0,1793,3010.0,1165
21:18:43,SP-FUTURE,3059.0,1533,3060.0,1290
21:18:43,ESX-FUTURE,3010.0,1530,3010.0,1428
21:18:44,SP-FUTURE,3059.0,818,3060.0,2005
21:18:44,ESX-FUTURE,3009.0,2376,3010.0,582
21:18:45,SP-FUTURE,3058.0,2349,3058.0,474
21:18:45,ESX-FUTURE,3008.0,1585,3008.0,1373
21:18:46,SP-FUTURE,3058.0,354,3058.0,2469
21:18:47,ESX-FUTURE,3008.0,604,3008.0,2354
21:18:47,ESX-FUTURE,3008.0,470,3008.0,2488
21:18:48,ESX-FUTURE,3008.0,739,3008.0,2219
21:18:48,SP-FUTURE,3058.0,1524,3059.0,1299
21:18:48,ESX-FUTURE,3008.0,2449,3008.0,509
21:18:49,SP-FUTURE,3058.0,2323,3058.0,500
21:18:49,SP-FUTURE,3058.0,1825,3058.0,998
21:18:49,ESX-FUTURE,3008.0,1043,3008.0,1915
21:18:50,SP-FUTURE,3058.0,361,3058.0,2462
21:18:50,ESX-FUTURE,3008.0,972,3008.0,1986
21:18:51,SP-FUTURE,3058.0,603,3058.0,2220
21:18:51,ESX-FUTURE,3008.0,1749,3008.0,1209
21:18:52,SP-FUTURE,3058.0,321,3058.0,2502
21:18:52,ESX-FUTURE,3008.0,533,3008.0,2425
21:18:53,ESX-FUTURE,3008.0,2489,3008.0,469
21:18:54,SP-FUTURE,3058.0,372,3058.0,2451
21:18:54,SP-FUTURE,3058.0,2641,3058.0,182
21:18:54,ESX-FUTURE,3008.0,2492,3008.0,466
21:18:55,ESX-FUTURE,3008.0,2566,3008.0,392
21:18:55,SP-FUTURE,3058.0,320,3058.0,2503
21:18:57,ESX-FUTURE,3008.0,2141,3008.0,817
21:18:57,SP-FUTURE,3058.0,2375,3058.0,448
21:18:57,SP-FUTURE,3058.0,1176,3058.0,1647
21:18:57,SP-FUTURE,3058.0,2650,3058.0,173
21:18:57,ESX-FUTURE,3008.0,2154,3008.0,804
21:18:57,SP-FUTURE,3058.0,2236,3058.0,587
21:18:58,SP-FUTURE,3057.0,1976,3058.0,847
21:18:58,ESX-FUTURE,3008.0,2201,3008.0,757
21:19:00,ESX-FUTURE,3008.0,929,3009.0,2029
21:19:00,SP-FUTURE,3058.0,31,3059.0,2792
21:19:01,ESX-FUTURE,3008.0,917,3009.0,2041
21:19:02,SP-FUTURE,3061.0,2401,3061.0,422
21:19:02,ESX-FUTURE,3008.0,1094,3009.0,1864
21:19:03,ESX-FUTURE,3008.0,2792,3008.0,166
21:19:03,SP-FUTURE,3061.0,2420,3061.0,403
21:19:04,ESX-FUTURE,3008.0,116,3008.0,2842
21:19:04,SP-FUTURE,3061.0,2400,3061.0,423
21:19:05,ESX-FUTURE,3008.0,148,3008.0,2810
21:19:06,SP-FUTURE,3061.0,2310,3061.0,513
21:19:06,ESX-FUTURE,3008.0,1839,3008.0,1119
21:19:07,SP-FUTURE,3060.0,1635,3060.0,1188
21:19:07,ESX-FUTURE,3007.0,913,3008.0,2045
21:19:08,ESX-FUTURE,3007.0,1112,3008.0,1846
21:19:08,SP-FUTURE,3060.0,1646,3060.0,1177
21:19:09,ESX-FUTURE,3007.0,451,3008.0,2507
21:19:10,SP-FUTURE,3060.0,1630,3060.0,1193
21:19:10,ESX-FUTURE,3007.0,1771,3007.0,1187
21:19:11,SP-FUTURE,3061.0,2767,3061.0,56
21:19:11,SP-FUTURE,3062.0,1205,3062.0,1618
21:19:11,ESX-FUTURE,3007.0,2069,3007.0,889
21:19:12,SP-FUTURE,3062.0,1379,3062.0,1444
21:19:13,SP-FUTURE,3062.0,1169,3062.0,1654
21:19:13,ESX-FUTURE,3008.0,1953,3008.0,1005
21:19:14,SP-FUTURE,3062.0,521,3062.0,2302
21:19:14,ESX-FUTURE,3008.0,1871,3008.0,1087
21:19:14,SP-FUTURE,3062.0,2454,3062.0,369
21:19:15,SP-FUTURE,3062.0,602,3062.0,2221
21:19:16,ESX-FUTURE,3008.0,1234,3008.0,1724
21:19:16,SP-FUTURE,3062.0,531,3062.0,2292
21:19:17,ESX-FUTURE,3008.0,2096,3008.0,862
21:19:18,SP-FUTURE,3062.0,1227,3062.0,1596
21:19:18,ESX-FUTURE,3009.0,1315,3009.0,1643
21:19:19,SP-FUTURE,3062.0,893,3062.0,1930
21:19:20,ESX-FUTURE,3009.0,331,3009.0,2627
21:19:20,ESX-FUTURE,3008.0,383,3008.0,2575
21:19:20,SP-FUTURE,3062.0,1255,3062.0,1568
21:19:21,ESX-FUTURE,3008.0,2380,3009.0,578
21:19:21,SP-FUTURE,3062.0,499,3062.0,2324
21:19:22,ESX-FUTURE,3008.0,2441,3009.0,517
21:19:23,SP-FUTURE,3062.0,649,3062.0,2174
21:19:23,ESX-FUTURE,3010.0,1658,3010.0,1300
21:19:24,SP-FUTURE,3062.0,2007,3062.0,816
21:19:25,ESX-FUTURE,3010.0,1611,3010.0,1347
21:19:26,SP-FUTURE,3063.0,267,3063.0,2556
21:19:26,SP-FUTURE,3063.0,1340,3063.0,1483
21:19:27,ESX-FUTURE,3010.0,2722,3010.0,236
21:19:27,SP-FUTURE,3063.0,1462,3063.0,1361
21:19:28,ESX-FUTURE,3009.0,2414,3009.0,544
21:19:29,SP-FUTURE,3063.0,1541,3063.0,1282
21:19:29,ESX-FUTURE,3010.0,2370,3010.0,588
21:19:30,ESX-FUTURE,3010.0,368,3010.0,2590
21:19:31,ESX-FUTURE,3010.0,1928,3010.0,1030
21:19:31,SP-FUTURE,3063.0,1652,3063.0,1171
21:19:32,ESX-FUTURE,3010.0,1848,3010.0,1110
21:19:32,SP-FUTURE,3063.0,1727,3063.0,1096
21:19:32,ESX-FUTURE,3010.0,2049,3010.0,909
21:19:33,SP-FUTURE,3063.0,977,3063.0,1846
21:19:34,ESX-FUTURE,3010.0,1313,3010.0,1645
21:19:34,SP-FUTURE,3063.0,1918,3063.0,905
21:19:35,ESX-FUTURE,3010.0,1959,3010.0,999
21:19:35,SP-FUTURE,3063.0,1129,3063.0,1694
21:19:35,ESX-FUTURE,3010.0,839,3010.0,2119
21:19:35,ESX-FUTURE,3011.0,2162,3011.0,796
21:19:36,SP-FUTURE,3063.0,1941,3063.0,882
21:19:36,ESX-FUTURE,3011.0,2184,3012.0,774
21:19:36,SP-FUTURE,3063.0,1450,3063.0,1373
21:19:37,SP-FUTURE,3063.0,1927,3063.0,896
21:19:37,ESX-FUTURE,3012.0,621,3012.0,2337
21:19:37,ESX-FUTURE,3011.0,2460,3012.0,498
21:19:38,ESX-FUTURE,3011.0,2699,3012.0,259
21:19:39,ESX-FUTURE,3012.0,1611,3012.0,1347
21:19:39,SP-FUTURE,3062.0,699,3063.0,2124
21:19:40,SP-FUTURE,3062.0,594,3062.0,2229
21:19:40,ESX-FUTURE,3012.0,2087,3012.0,871
21:19:40,SP-FUTURE,3061.0,306,3062.0,2517
21:19:42,ESX-FUTURE,3012.0,560,3012.0,2398
21:19:42,SP-FUTURE,3063.0,1078,3063.0,1745
21:19:43,ESX-FUTURE,3012.0,1230,3012.0,1728
21:19:43,SP-FUTURE,3063.0,1990,3063.0,833
21:19:44,ESX-FUTURE,3011.0,2637,3012.0,321
21:19:45,SP-FUTURE,3063.0,1958,3063.0,865
21:19:45,ESX-FUTURE,3011.0,2949,3012.0,9
21:19:46,SP-FUTURE,3063.0,1963,3063.0,860
21:19:47,ESX-FUTURE,3011.0,2756,3012.0,202
21:19:47,SP-FUTURE,3063.0,346,3063.0,2477
21:19:48,ESX-FUTURE,3011.0,634,3012.0,2324
21:19:49,SP-FUTURE,3063.0,960,3063.0,1863
21:19:49,ESX-FUTURE,3011.0,1059,3012.0,1899
21:19:50,SP-FUTURE,3063.0,2464,3063.0,359
21:19:50,ESX-FUTURE,3008.0,2081,3008.0,877
21:19:50,ESX-FUTURE,3008.0,1367,3008.0,1591
21:19:51,SP-FUTURE,3063.0,2378,3063.0,445
21:19:52,SP-FUTURE,3064.0,2742,3064.0,81
21:19:52,ESX-FUTURE,3008.0,591,3008.0,2367
21:19:53,SP-FUTURE,3064.0,1008,3064.0,1815
21:19:53,ESX-FUTURE,3008.0,2926,3008.0,32
21:19:53,SP-FUTURE,3064.0,822,3064.0,2001
21:19:54,SP-FUTURE,3064.0,838,3064.0,1985
21:19:55,ESX-FUTURE,3008.0,1665,3008.0,1293
21:19:55,ESX-FUTURE,3008.0,962,3008.0,1996
21:19:56,SP-FUTURE,3064.0,1612,3064.0,1211
21:19:56,ESX-FUTURE,3006.0,1669,3006.0,1289
21:19:57,SP-FUTURE,3064.0,2694,3064.0,129
21:19:57,ESX-FUTURE,3006.0,2018,3006.0,940
21:19:58,ESX-FUTURE,3006.0,2030,3006.0,928
21:19:59,SP-FUTURE,3064.0,1438,3064.0,1385
21:19:59,SP-FUTURE,3064.0,1513,3064.0,1310
21:20:00,ESX-FUTURE,3006.0,2133,3006.0,825
21:20:00,SP-FUTURE,3064.0,2195,3064.0,628
21:20:01,SP-FUTURE,3063.0,744,3063.0,2079
21:20:01,ESX-FUTURE,3006.0,1836,3006.0,1122
21:20:02,ESX-FUTURE,3006.0,2248,3006.0,710
21:20:03,SP-FUTURE,3063.0,2121,3063.0,702
21:20:03,ESX-FUTURE,3005.0,2234,3005.0,724
21:20:04,SP-FUTURE,3064.0,877,3064.0,1946
21:20:05,SP-FUTURE,3064.0,2815,3064.0,8
21:20:06,ESX-FUTURE,3005.0,2238,3005.0,720
21:20:06,SP-FUTURE,3064.0,77,3064.0,2746
21:20:06,SP-FUTURE,3064.0,1902,3064.0,921
21:20:07,SP-FUTURE,3064.0,1525,3064.0,1298
21:20:08,SP-FUTURE,3061.0,692,3061.0,2131
21:20:08,ESX-FUTURE,3005.0,566,3005.0,2392
21:20:09,ESX-FUTURE,3004.0,2851,3005.0,107
21:20:09,ESX-FUTURE,3004.0,2504,3005.0,454
21:20:10,SP-FUTURE,3061.0,891,3061.0,1932
21:20:10,SP-FUTURE,3061.0,1805,3061.0,1018
21:20:11,ESX-FUTURE,3004.0,2516,3005.0,442
21:20:12,SP-FUTURE,3061.0,1862,3061.0,961
21:20:12,ESX-FUTURE,3004.0,399,3005.0,2559
21:20:13,SP-FUTURE,3061.0,1580,3061.0,1243
21:20:14,ESX-FUTURE,3004.0,290,3005.0,2668
21:20:14,SP-FUTURE,3061.0,1860,3061.0,963
21:20:14,ESX-FUTURE,3004.0,2182,3004.0,776
21:20:15,SP-FUTURE,3061.0,592,3062.0,2231
21:20:15,ESX-FUTURE,3004.0,83,3005.0,2875
21:20:16,SP-FUTURE,3061.0,663,3062.0,2160
21:20:16,ESX-FUTURE,3004.0,95,3005.0,2863
21:20:17,SP-FUTURE,3061.0,662,3062.0,2161
21:20:17,ESX-FUTURE,3006.0,2194,3006.0,764
21:20:17,ESX-FUTURE,3006.0,1911,3007.0,1047
21:20:18,SP-FUTURE,3061.0,2456,3061.0,367
21:20:18,ESX-FUTURE,3006.0,272,3006.0,2686
21:20:19,SP-FUTURE,3061.0,251,3062.0,2572
21:20:19,ESX-FUTURE,3008.0,875,3008.0,2083
21:20:20,SP-FUTURE,3061.0,770,3061.0,2053
21:20:20,ESX-FUTURE,3008.0,861,3008.0,2097
21:20:21,SP-FUTURE,3061.0,864,3061.0,1959
21:20:21,ESX-FUTURE,3008.0,1891,3008.0,1067
21:20:22,SP-FUTURE,3061.0,2500,3061.0,323
21:20:22,ESX-FUTURE,3008.0,225,3008.0,2733
21:20:22,SP-FUTURE,3065.0,237,3065.0,2586
21:20:23,ESX-FUTURE,3008.0,615,3008.0,2343
21:20:23,SP-FUTURE,3064.0,2770,3065.0,53
21:20:24,SP-FUTURE,3064.0,2112,3065.0,711
21:20:24,ESX-FUTURE,3008.0,2167,3008.0,791
21:20:25,SP-FUTURE,3062.0,2781,3062.0,42
21:20:26,ESX-FUTURE,3008.0,2004,3008.0,954
21:20:26,ESX-FUTURE,3008.0,2028,3008.0,930
21:20:26,SP-FUTURE,3062.0,2435,3062.0,388
21:20:27,SP-FUTURE,3062.0,2390,3062.0,433
21:20:28,ESX-FUTURE,3008.0,1710,3008.0,1248
21:20:28,SP-FUTURE,3063.0,1557,3063.0,1266
21:20:29,ESX-FUTURE,3007.0,1449,3007.0,1509
21:20:29,SP-FUTURE,3063.0,1528,3063.0,1295
21:20:30,SP-FUTURE,3063.0,2311,3063.0,512
21:20:31,ESX-FUTURE,3007.0,1550,3007.0,1408
21:20:32,SP-FUTURE,3063.0,2456,3063.0,367
21:20:32,ESX-FUTURE,3007.0,2020,3007.0,938
21:20:32,ESX-FUTURE,3007.0,1818,3007.0,1140
21:20:33,SP-FUTURE,3063.0,113,3063.0,2710
21:20:34,ESX-FUTURE,3007.0,1889,3008.0,1069
21:20:34,ESX-FUTURE,3007.0,1823,3008.0,1135
21:20:34,ESX-FUTURE,3007.0,2046,3008.0,912
21:20:34,SP-FUTURE,3063.0,703,3063.0,2120
21:20:35,SP-FUTURE,3063.0,1028,3063.0,1795
21:20:35,SP-FUTURE,3063.0,789,3063.0,2034
21:20:35,ESX-FUTURE,3007.0,636,3008.0,2322
21:20:37,SP-FUTURE,3062.0,1608,3063.0,1215
21:20:37,ESX-FUTURE,3007.0,1907,3007.0,1051
21:20:38,SP-FUTURE,3063.0,976,3063.0,1847
21:20:38,ESX-FUTURE,3007.0,1329,3007.0,1629
21:20:39,SP-FUTURE,3062.0,1851,3062.0,972
21:20:39,ESX-FUTURE,3007.0,1329,3007.0,1629
21:20:39,SP-FUTURE,3062.0,588,3062.0,2235
21:20:41,ESX-FUTURE,3007.0,653,3007.0,2305
21:20:41,ESX-FUTURE,3009.0,685,3009.0,2273
21:20:41,SP-FUTURE,3062.0,1240,3062.0,1583
21:20:42,ESX-FUTURE,3008.0,2227,3009.0,731
21:20:42,SP-FUTURE,3062.0,1414,3062.0,1409
21:20:42,ESX-FUTURE,3008.0,2663,3009.0,295
21:20:43,SP-FUTURE,3062.0,1520,3062.0,1303
21:20:44,ESX-FUTURE,3008.0,1882,3009.0,1076
21:20:44,SP-FUTURE,3061.0,754,3062.0,2069
21:20:44,SP-FUTURE,3062.0,767,3062.0,2056
21:20:45,ESX-FUTURE,3008.0,2928,3008.0,30
21:20:45,ESX-FUTURE,3008.0,2663,3008.0,295
21:20:45,ESX-FUTURE,3008.0,2660,3009.0,298
21:20:45,SP-FUTURE,3061.0,1801,3062.0,1022
21:20:47,SP-FUTURE,3062.0,218,3062.0,2605
21:20:47,SP-FUTURE,3062.0,266,3062.0,2557
21:20:47,ESX-FUTURE,3012.0,948,3012.0,2010
21:20:48,ESX-FUTURE,3012.0,1386,3012.0,1572
21:20:48,SP-FUTURE,3061.0,2552,3062.0,271
21:20:49,SP-FUTURE,3061.0,2519,3062.0,304
21:20:49,SP-FUTURE,3062.0,2206,3062.0,617
21:20:50,ESX-FUTURE,3012.0,2906,3012.0,52
21:20:50,SP-FUTURE,3062.0,2235,3062.0,588
21:20:51,SP-FUTURE,3062.0,2201,3062.0,622
21:20:51,ESX-FUTURE,3012.0,350,3012.0,2608
21:20:51,SP-FUTURE,3062.0,2695,3062.0,128
21:20:52,SP-FUTURE,3062.0,2403,3062.0,420
21:20:52,SP-FUTURE,3062.0,2254,3062.0,569
21:20:52,ESX-FUTURE,3012.0,2649,3012.0,309
21:20:53,SP-FUTURE,3062.0,2386,3062.0,437
21:20:54,SP-FUTURE,3062.0,537,3062.0,2286
21:20:54,ESX-FUTURE,3012.0,1490,3012.0,1468
21:20:54,ESX-FUTURE,3012.0,1789,3012.0,1169
21:20:55,SP-FUTURE,3062.0,6,3062.0,2817
21:20:55,SP-FUTURE,3063.0,755,3063.0,2068
21:20:56,ESX-FUTURE,3012.0,2223,3012.0,735
21:20:56,SP-FUTURE,3062.0,2514,3063.0,309
21:20:56,ESX-FUTURE,3012.0,1204,3012.0,1754
21:20:57,SP-FUTURE,3063.0,2470,3063.0,353
21:20:57,ESX-FUTURE,3012.0,2025,3012.0,933
21:20:58,SP-FUTURE,3063.0,2370,3063.0,453
21:20:58,ESX-FUTURE,3012.0,919,3012.0,2039
21:20:59,SP-FUTURE,3064.0,662,3064.0,2161
21:21:00,SP-FUTURE,3066.0,16,3066.0,2807
21:21:00,ESX-FUTURE,3012.0,1038,3012.0,1920
21:21:01,SP-FUTURE,3066.0,349,3066.0,2474
21:21:01,ESX-FUTURE,3016.0,260,3016.0,2698
21:21:01,SP-FUTURE,3066.0,259,3066.0,2564
21:21:02,SP-FUTURE,3066.0,940,3066.0,1883
21:21:03,SP-FUTURE,3066.0,681,3066.0,2142
21:21:03,ESX-FUTURE,3015.0,512,3016.0,2446
21:21:03,SP-FUTURE,3068.0,2054,3068.0,769
21:21:04,ESX-FUTURE,3015.0,2273,3016.0,685
21:21:04,SP-FUTURE,3068.0,2471,3068.0,352
21:21:04,ESX-FUTURE,3015.0,1015,3016.0,1943
21:21:05,ESX-FUTURE,3015.0,2057,3016.0,901
21:21:05,SP-FUTURE,3068.0,590,3068.0,2233
21:21:06,ESX-FUTURE,3017.0,2,3017.0,2956
21:21:06,SP-FUTURE,3068.0,607,3069.0,2216
21:21:07,SP-FUTURE,3068.0,607,3069.0,2216
21:21:07,ESX-FUTURE,3016.0,978,3016.0,1980
21:21:08,ESX-FUTURE,3016.0,336,3016.0,2622
21:21:09,SP-FUTURE,3068.0,595,3069.0,2228
21:21:10,SP-FUTURE,3068.0,270,3069.0,2553
21:21:11,ESX-FUTURE,3016.0,1833,3016.0,1125
21:21:11,SP-FUTURE,3067.0,2017,3067.0,806
21:21:11,ESX-FUTURE,3016.0,2042,3016.0,916
21:21:12,SP-FUTURE,3067.0,164,3068.0,2659
21:21:13,SP-FUTURE,3067.0,1073,3067.0,1750
21:21:13,ESX-FUTURE,3017.0,412,3017.0,2546
21:21:14,SP-FUTURE,3067.0,2673,3067.0,150
21:21:14,ESX-FUTURE,3017.0,484,3017.0,2474
21:21:15,SP-FUTURE,3067.0,1738,3067.0,1085
21:21:15,ESX-FUTURE,3017.0,97,3017.0,2861
21:21:16,SP-FUTURE,3067.0,2378,3068.0,445
21:21:16,SP-FUTURE,3067.0,2354,3068.0,469
21:21:17,SP-FUTURE,3068.0,824,3068.0,1999
21:21:17,ESX-FUTURE,3017.0,1462,3017.0,1496
21:21:18,ESX-FUTURE,3017.0,1901,3017.0,1057
21:21:18,SP-FUTURE,3068.0,1101,3068.0,1722
21:21:18,ESX-FUTURE,3016.0,1652,3016.0,1306
21:21:19,SP-FUTURE,3068.0,1691,3069.0,1132
21:21:19,SP-FUTURE,3068.0,1199,3068.0,1624
21:21:20,ESX-FUTURE,3017.0,900,3017.0,2058
21:21:20,SP-FUTURE,3068.0,383,3068.0,2440
21:21:21,SP-FUTURE,3068.0,2420,3068.0,403
21:21:21,ESX-FUTURE,3017.0,1368,3017.0,1590
21:21:21,SP-FUTURE,3068.0,1675,3068.0,1148
21:21:22,ESX-FUTURE,3017.0,266,3017.0,2692
21:21:22,SP-FUTURE,3068.0,1088,3068.0,1735
21:21:22,ESX-FUTURE,3017.0,1203,3017.0,1755
21:21:24,SP-FUTURE,3068.0,1680,3068.0,1143
21:21:24,ESX-FUTURE,3017.0,2695,3017.0,263
21:21:25,SP-FUTURE,3068.0,1614,3068.0,1209
21:21:25,ESX-FUTURE,3017.0,757,3017.0,2201
21:21:26,SP-FUTURE,3067.0,101,3068.0,2722
21:21:26,ESX-FUTURE,3017.0,2497,3017.0,461
21:21:27,SP-FUTURE,3067.0,636,3068.0,2187
21:21:28,ESX-FUTURE,3018.0,2601,3018.0,357
21:21:29,SP-FUTURE,3067.0,223,3068.0,2600
21:21:29,SP-FUTURE,3067.0,975,3067.0,1848
21:21:30,ESX-FUTURE,3018.0,2684,3018.0,274
21:21:31,SP-FUTURE,3067.0,1006,3067.0,1817
21:21:31,ESX-FUTURE,3018.0,1626,3018.0,1332
21:21:31,SP-FUTURE,3067.0,1444,3067.0,1379
21:21:33,ESX-FUTURE,3018.0,1686,3018.0,1272
21:21:33,SP-FUTURE,3067.0,440,3067.0,2383
21:21:34,ESX-FUTURE,3018.0,1937,3018.0,1021
21:21:34,ESX-FUTURE,3018.0,2634,3018.0,324
21:21:34,SP-FUTURE,3067.0,913,3067.0,1910
21:21:35,ESX-FUTURE,3018.0,2380,3018.0,578
21:21:37,ESX-FUTURE,3018.0,896,3018.0,2062
21:21:37,SP-FUTURE,3068.0,2345,3068.0,478
21:21:37,SP-FUTURE,3068.0,2433,3068.0,390
21:21:38,ESX-FUTURE,3014.0,2670,3014.0,288
21:21:39,SP-FUTURE,3068.0,2440,3068.0,383
21:21:39,ESX-FUTURE,3014.0,2873,3014.0,85
21:21:40,SP-FUTURE,3068.0,960,3068.0,1863
21:21:40,ESX-FUTURE,3016.0,1933,3016.0,1025
21:21:41,ESX-FUTURE,3016.0,2899,3017.0,59
21:21:41,SP-FUTURE,3068.0,959,3068.0,1864
21:21:41,ESX-FUTURE,3016.0,1614,3017.0,1344
21:21:41,SP-FUTURE,3067.0,2342,3067.0,481
21:21:42,ESX-FUTURE,3016.0,1935,3017.0,1023
21:21:43,SP-FUTURE,3067.0,2372,3068.0,451
21:21:43,SP-FUTURE,3068.0,1406,3068.0,1417
21:21:44,ESX-FUTURE,3016.0,125,3016.0,2833
21:21:44,SP-FUTURE,3068.0,1919,3068.0,904
21:21:44,ESX-FUTURE,3017.0,2269,3017.0,689
21:21:45,SP-FUTURE,3067.0,2702,3068.0,121
21:21:46,ESX-FUTURE,3017.0,1802,3017.0,1156
21:21:46,SP-FUTURE,3066.0,464,3067.0,2359
21:21:46,SP-FUTURE,3066.0,2338,3067.0,485
21:21:47,ESX-FUTURE,3017.0,1964,3017.0,994
21:21:48,SP-FUTURE,3066.0,185,3067.0,2638
21:21:48,ESX-FUTURE,3017.0,2150,3017.0,808
21:21:49,ESX-FUTURE,3017.0,2139,3017.0,819
21:21:49,SP-FUTURE,3066.0,2175,3066.0,648
21:21:50,SP-FUTURE,3065.0,419,3066.0,2404
21:21:50,SP-FUTURE,3065.0,746,3066.0,2077
21:21:50,ESX-FUTURE,3017.0,1458,3017.0,1500
21:21:50,SP-FUTURE,3065.0,2661,3065.0,162
21:21:51,ESX-FUTURE,3017.0,1255,3017.0,1703
21:21:51,SP-FUTURE,3065.0,197,3066.0,2626
21:21:52,ESX-FUTURE,3017.0,1250,3017.0,1708
21:21:52,SP-FUTURE,3066.0,1384,3066.0,1439
21:21:54,ESX-FUTURE,3017.0,1359,3017.0,1599
21:21:54,SP-FUTURE,3066.0,666,3066.0,2157
21:21:55,ESX-FUTURE,3017.0,1549,3017.0,1409
21:21:55,SP-FUTURE,3066.0,688,3066.0,2135
21:21:57,SP-FUTURE,3066.0,1195,3066.0,1628
21:21:57,ESX-FUTURE,3017.0,19,3017.0,2939
21:21:58,SP-FUTURE,3067.0,2251,3067.0,572
21:21:59,ESX-FUTURE,3017.0,2853,3017.0,105
21:21:59,SP-FUTURE,3067.0,1966,3067.0,857
21:21:59,ESX-FUTURE,3017.0,560,3017.0,2398
21:22:00,ESX-FUTURE,3017.0,516,3017.0,2442
21:22:01,SP-FUTURE,3067.0,2145,3067.0,678
21:22:01,ESX-FUTURE,3016.0,650,3016.0,2308
21:22:02,SP-FUTURE,3066.0,2804,3067.0,19
21:22:02,SP-FUTURE,3068.0,1905,3068.0,918
21:22:03,ESX-FUTURE,3014.0,2413,3014.0,545
21:22:03,SP-FUTURE,3068.0,82,3068.0,2741
21:22:04,ESX-FUTURE,3014.0,2321,3014.0,637
21:22:05,SP-FUTURE,3068.0,574,3068.0,2249
21:22:05,ESX-FUTURE,3014.0,1873,3015.0,1085
21:22:06,SP-FUTURE,3068.0,1091,3068.0,1732
21:22:06,ESX-FUTURE,3014.0,493,3015.0,2465
21:22:06,SP-FUTURE,3069.0,108,3069.0,2715
21:22:07,ESX-FUTURE,3014.0,485,3015.0,2473
21:22:07,SP-FUTURE,3068.0,2402,3069.0,421
21:22:08,SP-FUTURE,3069.0,1504,3069.0,1319
21:22:08,ESX-FUTURE,3014.0,2651,3015.0,307
21:22:09,SP-FUTURE,3068.0,234,3068.0,2589
21:22:09,ESX-FUTURE,3014.0,2179,3015.0,779
21:22:10,ESX-FUTURE,3014.0,1930,3015.0,1028
21:22:10,ESX-FUTURE,3014.0,2219,3015.0,739
21:22:10,SP-FUTURE,3067.0,2713,3068.0,110
21:22:11,ESX-FUTURE,3014.0,2278,3015.0,680
21:22:11,SP-FUTURE,3068.0,1415,3068.0,1408
21:22:12,SP-FUTURE,3068.0,1998,3068.0,825
21:22:12,ESX-FUTURE,3014.0,1288,3015.0,1670
21:22:12,SP-FUTURE,3068.0,971,3068.0,1852
21:22:13,SP-FUTURE,3068.0,710,3068.0,2113
21:22:13,ESX-FUTURE,3014.0,1908,3015.0,1050
21:22:14,ESX-FUTURE,3015.0,149,3015.0,2809
21:22:14,SP-FUTURE,3068.0,677,3068.0,2146
21:22:15,SP-FUTURE,3068.0,538,3068.0,2285
21:22:15,SP-FUTURE,3068.0,204,3068.0,2619
21:22:16,ESX-FUTURE,3015.0,2658,3015.0,300
21:22:17,SP-FUTURE,3068.0,227,3068.0,2596
21:22:17,ESX-FUTURE,3015.0,2467,3015.0,491
21:22:17,SP-FUTURE,3068.0,2769,3068.0,54
21:22:18,ESX-FUTURE,3015.0,2501,3015.0,457
21:22:19,SP-FUTURE,3068.0,44,3068.0,2779
21:22:19,ESX-FUTURE,3015.0,2693,3015.0,265
21:22:20,SP-FUTURE,3067.0,140,3068.0,2683
21:22:21,ESX-FUTURE,3015.0,2633,3015.0,325
21:22:21,SP-FUTURE,3067.0,3,3068.0,2820
21:22:22,SP-FUTURE,3067.0,448,3067.0,2375
21:22:22,ESX-FUTURE,3015.0,1338,3015.0,1620
21:22:22,ESX-FUTURE,3015.0,1137,3015.0,1821
21:22:23,SP-FUTURE,3067.0,637,3067.0,2186
21:22:23,ESX-FUTURE,3015.0,2214,3015.0,744
21:22:24,SP-FUTURE,3067.0,871,3067.0,1952
21:22:25,SP-FUTURE,3067.0,1600,3067.0,1223
21:22:25,ESX-FUTURE,3015.0,1959,3015.0,999
21:22:25,ESX-FUTURE,3015.0,87,3016.0,2871
21:22:25,ESX-FUTURE,3015.0,1971,3016.0,987
21:22:26,ESX-FUTURE,3015.0,1866,3016.0,1092
21:22:26,SP-FUTURE,3067.0,506,3067.0,2317
21:22:27,SP-FUTURE,3067.0,695,3067.0,2128
21:22:28,ESX-FUTURE,3015.0,1930,3016.0,1028
21:22:28,ESX-FUTURE,3015.0,1601,3016.0,1357
21:22:28,SP-FUTURE,3067.0,1704,3067.0,1119
21:22:29,ESX-FUTURE,3015.0,252,3016.0,2706
21:22:29,SP-FUTURE,3067.0,1482,3067.0,1341
21:22:30,SP-FUTURE,3067.0,1582,3067.0,1241
21:22:30,ESX-FUTURE,3015.0,2910,3015.0,48
21:22:30,SP-FUTURE,3067.0,1670,3067.0,1153
21:22:31,ESX-FUTURE,3015.0,111,3016.0,2847
21:22:31,ESX-FUTURE,3013.0,1202,3014.0,1756
21:22:32,SP-FUTURE,3067.0,1751,3067.0,1072
21:22:32,ESX-FUTURE,3013.0,1307,3013.0,1651
21:22:33,SP-FUTURE,3067.0,544,3068.0,2279
21:22:33,ESX-FUTURE,3013.0,948,3013.0,2010
21:22:35,ESX-FUTURE,3013.0,2579,3013.0,379
21:22:35,SP-FUTURE,3067.0,928,3068.0,1895
21:22:36,ESX-FUTURE,3013.0,1199,3013.0,1759
21:22:36,SP-FUTURE,3067.0,2389,3068.0,434
21:22:37,ESX-FUTURE,3013.0,1067,3013.0,1891
21:22:37,SP-FUTURE,3067.0,2248,3068.0,575
21:22:38,ESX-FUTURE,3013.0,212,3013.0,2746
21:22:39,SP-FUTURE,3068.0,546,3068.0,2277
21:22:39,SP-FUTURE,3068.0,838,3068.0,1985
21:22:39,SP-FUTURE,3068.0,2765,3068.0,58
21:22:40,ESX-FUTURE,3013.0,181,3013.0,2777
21:22:40,ESX-FUTURE,3013.0,887,3013.0,2071
21:22:40,SP-FUTURE,3068.0,1423,3068.0,1400
21:22:41,ESX-FUTURE,3012.0,247,3012.0,2711
21:22:41,SP-FUTURE,3068.0,1020,3068.0,1803
21:22:42,SP-FUTURE,3068.0,94,3068.0,2729
21:22:43,SP-FUTURE,3068.0,2011,3068.0,812
21:22:44,ESX-FUTURE,3011.0,349,3012.0,2609
21:22:44,SP-FUTURE,3068.0,2610,3068.0,213
21:22:45,ESX-FUTURE,3011.0,1239,3011.0,1719
21:22:45,SP-FUTURE,3068.0,1100,3068.0,1723
21:22:46,SP-FUTURE,3069.0,101,3069.0,2722
21:22:47,ESX-FUTURE,3011.0,1254,3011.0,1704
21:22:47,ESX-FUTURE,3011.0,1058,3011.0,1900
21:22:48,SP-FUTURE,3069.0,101,3069.0,2722
21:22:48,ESX-FUTURE,3013.0,2831,3013.0,127
21:22:48,SP-FUTURE,3069.0,428,3069.0,2395
21:22:49,ESX-FUTURE,3013.0,1595,3013.0,1363
21:22:50,SP-FUTURE,3069.0,1631,3069.0,1192
21:22:50,ESX-FUTURE,3013.0,2138,3013.0,820
21:22:51,ESX-FUTURE,3014.0,959,3015.0,1999
21:22:51,SP-FUTURE,3070.0,1854,3071.0,969
21:22:52,SP-FUTURE,3072.0,2728,3073.0,95
21:22:52,ESX-FUTURE,3014.0,2282,3014.0,676
21:22:53,ESX-FUTURE,3014.0,1835,3014.0,1123
21:22:53,SP-FUTURE,3072.0,1086,3073.0,1737
21:22:54,ESX-FUTURE,3014.0,44,3014.0,2914
21:22:54,SP-FUTURE,3072.0,1042,3073.0,1781
21:22:54,ESX-FUTURE,3014.0,1611,3014.0,1347
21:22:54,SP-FUTURE,3072.0,1063,3073.0,1760
21:22:56,SP-FUTURE,3072.0,848,3073.0,1975
21:22:56,ESX-FUTURE,3014.0,1450,3014.0,1508
21:22:57,ESX-FUTURE,3017.0,897,3017.0,2061
21:22:57,SP-FUTURE,3073.0,945,3073.0,1878
21:22:57,ESX-FUTURE,3017.0,2812,3017.0,146
21:22:57,SP-FUTURE,3073.0,2690,3073.0,133
21:22:58,ESX-FUTURE,3017.0,2827,3017.0,131
21:22:58,SP-FUTURE,3073.0,2756,3073.0,67
21:22:58,SP-FUTURE,3073.0,2364,3073.0,459
21:22:59,ESX-FUTURE,3015.0,1959,3015.0,999
21:22:59,SP-FUTURE,3073.0,143,3073.0,2680
21:23:00,SP-FUTURE,3073.0,403,3073.0,2420
21:23:01,ESX-FUTURE,3015.0,1921,3015.0,1037
21:23:02,SP-FUTURE,3073.0,2755,3073.0,68
21:23:02,ESX-FUTURE,3015.0,1942,3015.0,1016
21:23:03,ESX-FUTURE,3015.0,1954,3015.0,1004
21:23:04,SP-FUTURE,3073.0,245,3073.0,2578
21:23:04,ESX-FUTURE,3015.0,1781,3015.0,1177
21:23:05,SP-FUTURE,3073.0,851,3073.0,1972
21:23:05,ESX-FUTURE,3015.0,2322,3015.0,636
21:23:05,SP-FUTURE,3073.0,1260,3074.0,1563
21:23:06,ESX-FUTURE,3015.0,55,3015.0,2903
21:23:06,ESX-FUTURE,3015.0,437,3015.0,2521
21:23:07,SP-FUTURE,3074.0,2062,3074.0,761
21:23:07,ESX-FUTURE,3015.0,1117,3015.0,1841
21:23:08,SP-FUTURE,3074.0,1178,3074.0,1645
21:23:08,SP-FUTURE,3073.0,2384,3074.0,439
21:23:08,SP-FUTURE,3074.0,47,3074.0,2776
21:23:09,ESX-FUTURE,3015.0,1088,3015.0,1870
21:23:09,SP-FUTURE,3074.0,689,3074.0,2134
21:23:10,ESX-FUTURE,3015.0,918,3015.0,2040
21:23:10,SP-FUTURE,3074.0,355,3074.0,2468
21:23:11,ESX-FUTURE,3015.0,1027,3015.0,1931
21:23:11,SP-FUTURE,3074.0,420,3074.0,2403
21:23:12,ESX-FUTURE,3015.0,1297,3015.0,1661
21:23:12,SP-FUTURE,3074.0,1711,3074.0,1112
21:23:13,ESX-FUTURE,3015.0,1539,3015.0,1419
21:23:14,SP-FUTURE,3074.0,1502,3074.0,1321
21:23:14,ESX-FUTURE,3014.0,1522,3015.0,1436
21:23:15,ESX-FUTURE,3014.0,2413,3015.0,545
21:23:15,SP-FUTURE,3073.0,811,3074.0,2012
21:23:16,ESX-FUTURE,3014.0,1345,3014.0,1613
21:23:17,ESX-FUTURE,3017.0,1610,3017.0,1348
21:23:18,SP-FUTURE,3073.0,2633,3074.0,190
21:23:18,ESX-FUTURE,3017.0,1616,3017.0,1342
21:23:19,SP-FUTURE,3073.0,354,3074.0,2469
21:23:19,ESX-FUTURE,3016.0,2388,3017.0,570
21:23:19,SP-FUTURE,3073.0,548,3074.0,2275
21:23:19,ESX-FUTURE,3019.0,2758,3020.0,200
21:23:19,ESX-FUTURE,3019.0,2793,3020.0,165
21:23:20,ESX-FUTURE,3020.0,184,3021.0,2774
21:23:20,SP-FUTURE,3073.0,538,3074.0,2285
21:23:21,SP-FUTURE,3073.0,446,3074.0,2377
21:23:21,SP-FUTURE,3075.0,1459,3075.0,1364
21:23:21,ESX-FUTURE,3020.0,646,3021.0,2312
21:23:22,SP-FUTURE,3075.0,693,3075.0,2130
21:23:22,ESX-FUTURE,3021.0,2355,3021.0,603
21:23:23,SP-FUTURE,3075.0,2495,3075.0,328
21:23:23,ESX-FUTURE,3017.0,2623,3017.0,335
21:23:24,SP-FUTURE,3075.0,1774,3075.0,1049
21:23:24,ESX-FUTURE,3017.0,2651,3017.0,307
21:23:25,ESX-FUTURE,3017.0,249,3017.0,2709
21:23:26,ESX-FUTURE,3017.0,2710,3017.0,248
21:23:27,ESX-FUTURE,3017.0,2180,3017.0,778
21:23:27,SP-FUTURE,3075.0,1382,3075.0,1441
21:23:27,SP-FUTURE,3075.0,2753,3075.0,70
21:23:28,ESX-FUTURE,3017.0,2216,3017.0,742
21:23:29,SP-FUTURE,3075.0,1763,3075.0,1060
21:23:29,ESX-FUTURE,3017.0,677,3017.0,2281
21:23:30,ESX-FUTURE,3017.0,555,3017.0,2403
21:23:30,SP-FUTURE,3075.0,2233,3075.0,590
21:23:31,SP-FUTURE,3075.0,2014,3075.0,809
21:23:32,ESX-FUTURE,3017.0,346,3017.0,2612
21:23:32,SP-FUTURE,3075.0,1946,3075.0,877
21:23:32,ESX-FUTURE,3017.0,2243,3017.0,715
21:23:33,SP-FUTURE,3074.0,738,3074.0,2085
21:23:33,ESX-FUTURE,3017.0,1213,3017.0,1745
21:23:35,ESX-FUTURE,3017.0,1746,3017.0,1212
21:23:35,SP-FUTURE,3074.0,1624,3074.0,1199
21:23:35,ESX-FUTURE,3017.0,2136,3017.0,822
21:23:36,SP-FUTURE,3073.0,358,3074.0,2465
21:23:37,SP-FUTURE,3073.0,130,3074.0,2693
21:23:37,ESX-FUTURE,3017.0,1971,3017.0,987
21:23:38,ESX-FUTURE,3017.0,2166,3017.0,792
21:23:38,SP-FUTURE,3073.0,921,3074.0,1902
21:23:39,ESX-FUTURE,3017.0,2151,3017.0,807
21:23:40,SP-FUTURE,3073.0,2779,3074.0,44
21:23:40,ESX-FUTURE,3017.0,2093,3017.0,865
21:23:41,SP-FUTURE,3074.0,459,3074.0,2364
21:23:42,ESX-FUTURE,3017.0,812,3017.0,2146
21:23:42,SP-FUTURE,3073.0,36,3073.0,2787
21:23:43,SP-FUTURE,3073.0,2543,3073.0,280
21:23:44,ESX-FUTURE,3015.0,409,3015.0,2549
21:23:44,ESX-FUTURE,3015.0,1813,3015.0,1145
21:23:44,SP-FUTURE,3072.0,2481,3073.0,342
21:23:45,SP-FUTURE,3072.0,2229,3073.0,594
21:23:45,SP-FUTURE,3072.0,2037,3073.0,786
21:23:46,SP-FUTURE,3071.0,2660,3071.0,163
21:23:46,SP-FUTURE,3071.0,1218,3071.0,1605
21:23:46,ESX-FUTURE,3015.0,991,3015.0,1967
21:23:47,SP-FUTURE,3071.0,702,3071.0,2121
21:23:47,SP-FUTURE,3071.0,80,3071.0,2743
21:23:47,ESX-FUTURE,3015.0,987,3015.0,1971
21:23:48,ESX-FUTURE,3015.0,1072,3015.0,1886
21:23:48,SP-FUTURE,3071.0,1444,3071.0,1379
21:23:49,SP-FUTURE,3071.0,1061,3071.0,1762
21:23:50,ESX-FUTURE,3014.0,1476,3014.0,1482
21:23:50,ESX-FUTURE,3014.0,425,3014.0,2533
21:23:50,SP-FUTURE,3071.0,1052,3071.0,1771
21:23:51,SP-FUTURE,3071.0,456,3071.0,2367
21:23:51,ESX-FUTURE,3013.0,1525,3014.0,1433
21:23:51,ESX-FUTURE,3013.0,1373,3014.0,1585
21:23:52,SP-FUTURE,3070.0,2292,3070.0,531
21:23:53,SP-FUTURE,3070.0,1392,3070.0,1431
21:23:53,ESX-FUTURE,3012.0,1943,3012.0,1015
21:23:53,SP-FUTURE,3071.0,886,3071.0,1937
21:23:53,ESX-FUTURE,3011.0,2098,3011.0,860
21:23:54,SP-FUTURE,3070.0,2553,3071.0,270
21:23:55,ESX-FUTURE,3011.0,2095,3011.0,863
21:23:55,SP-FUTURE,3071.0,1883,3071.0,940
21:23:56,ESX-FUTURE,3011.0,1978,3012.0,980
21:23:56,SP-FUTURE,3071.0,538,3071.0,2285
21:23:57,SP-FUTURE,3070.0,333,3071.0,2490
21:23:57,SP-FUTURE,3070.0,949,3070.0,1874
21:23:57,ESX-FUTURE,3011.0,2310,3012.0,648
21:23:57,SP-FUTURE,3070.0,1009,3070.0,1814
21:23:58,ESX-FUTURE,3012.0,1784,3012.0,1174
21:23:59,ESX-FUTURE,3012.0,1454,3012.0,1504
21:23:59,SP-FUTURE,3070.0,2190,3070.0,633
21:24:00,ESX-FUTURE,3012.0,2569,3012.0,389
21:24:01,SP-FUTURE,3070.0,2063,3070.0,760
21:24:01,ESX-FUTURE,3012.0,92,3013.0,2866
21:24:02,ESX-FUTURE,3012.0,812,3013.0,2146
21:24:03,SP-FUTURE,3070.0,969,3070.0,1854
21:24:04,ESX-FUTURE,3012.0,2586,3012.0,372
21:24:04,SP-FUTURE,3070.0,1194,3070.0,1629
21:24:05,ESX-FUTURE,3012.0,935,3013.0,2023
21:24:05,SP-FUTURE,3070.0,246,3070.0,2577
21:24:06,SP-FUTURE,3070.0,653,3070.0,2170
21:24:06,ESX-FUTURE,3012.0,1886,3013.0,1072
21:24:07,SP-FUTURE,3070.0,1454,3070.0,1369
21:24:07,ESX-FUTURE,3012.0,196,3013.0,2762
21:24:08,ESX-FUTURE,3012.0,712,3013.0,2246
21:24:09,SP-FUTURE,3070.0,1440,3070.0,1383
21:24:10,ESX-FUTURE,3013.0,1961,3013.0,997
21:24:10,SP-FUTURE,3070.0,2063,3070.0,760
21:24:11,ESX-FUTURE,3010.0,557,3010.0,2401
21:24:12,SP-FUTURE,3070.0,2596,3070.0,227
21:24:12,ESX-FUTURE,3010.0,1343,3010.0,1615
21:24:13,SP-FUTURE,3069.0,1884,3069.0,939
21:24:14,ESX-FUTURE,3010.0,2764,3010.0,194
21:24:14,SP-FUTURE,3069.0,2002,3069.0,821
21:24:15,ESX-FUTURE,3010.0,240,3010.0,2718
21:24:15,SP-FUTURE,3069.0,2466,3069.0,357
21:24:15,SP-FUTURE,3069.0,1979,3069.0,844
21:24:16,ESX-FUTURE,3010.0,2065,3010.0,893
21:24:17,SP-FUTURE,3069.0,2773,3069.0,50
21:24:18,ESX-FUTURE,3010.0,2068,3010.0,890
21:24:18,SP-FUTURE,3069.0,2042,3070.0,781
21:24:18,ESX-FUTURE,3010.0,2851,3010.0,107
21:24:19,SP-FUTURE,3069.0,2112,3070.0,711
21:24:19,SP-FUTURE,3069.0,2135,3070.0,688
21:24:20,ESX-FUTURE,3010.0,115,3010.0,2843
21:24:20,SP-FUTURE,3069.0,2075,3070.0,748
21:24:22,SP-FUTURE,3070.0,258,3070.0,2565
21:24:22,SP-FUTURE,3069.0,2733,3070.0,90
21:24:23,ESX-FUTURE,3010.0,197,3010.0,2761
21:24:23,SP-FUTURE,3069.0,2297,3070.0,526
21:24:24,ESX-FUTURE,3009.0,1075,3010.0,1883
21:24:25,SP-FUTURE,3069.0,1722,3069.0,1101
21:24:25,ESX-FUTURE,3009.0,1074,3010.0,1884
21:24:25,ESX-FUTURE,3009.0,1968,3010.0,990
21:24:26,ESX-FUTURE,3009.0,1474,3010.0,1484
21:24:26,SP-FUTURE,3070.0,421,3070.0,2402
21:24:27,ESX-FUTURE,3009.0,2423,3009.0,535
21:24:27,ESX-FUTURE,3009.0,668,3009.0,2290
21:24:27,SP-FUTURE,3070.0,253,3070.0,2570
21:24:28,ESX-FUTURE,3009.0,608,3009.0,2350
21:24:28,ESX-FUTURE,3012.0,793,3012.0,2165
21:24:29,SP-FUTURE,3070.0,262,3070.0,2561
21:24:29,ESX-FUTURE,3012.0,433,3012.0,2525
21:24:30,ESX-FUTURE,3012.0,1193,3012.0,1765
21:24:30,SP-FUTURE,3071.0,271,3071.0,2552
21:24:31,SP-FUTURE,3071.0,270,3072.0,2553
21:24:31,ESX-FUTURE,3013.0,1933,3013.0,1025
21:24:32,SP-FUTURE,3071.0,1951,3071.0,872
21:24:32,ESX-FUTURE,3013.0,515,3014.0,2443
21:24:32,ESX-FUTURE,3013.0,2450,3014.0,508
21:24:33,ESX-FUTURE,3014.0,268,3014.0,2690
21:24:33,ESX-FUTURE,3013.0,1939,3014.0,1019
21:24:33,SP-FUTURE,3072.0,2356,3072.0,467
21:24:34,ESX-FUTURE,3013.0,1909,3014.0,1049
21:24:34,ESX-FUTURE,3013.0,1924,3014.0,1034
21:24:35,SP-FUTURE,3071.0,2533,3072.0,290
21:24:35,ESX-FUTURE,3013.0,578,3014.0,2380
21:24:35,SP-FUTURE,3072.0,212,3072.0,2611
21:24:35,SP-FUTURE,3072.0,186,3072.0,2637
21:24:35,ESX-FUTURE,3013.0,2831,3014.0,127
21:24:36,SP-FUTURE,3072.0,140,3072.0,2683
21:24:37,SP-FUTURE,3071.0,2612,3072.0,211
21:24:37,ESX-FUTURE,3014.0,206,3014.0,2752
21:24:38,ESX-FUTURE,3014.0,990,3014.0,1968
21:24:39,SP-FUTURE,3072.0,971,3072.0,1852
21:24:39,ESX-FUTURE,3014.0,653,3014.0,2305
21:24:40,ESX-FUTURE,3013.0,2602,3014.0,356
21:24:40,SP-FUTURE,3072.0,486,3072.0,2337
21:24:40,ESX-FUTURE,3013.0,2765,3013.0,193
21:24:41,SP-FUTURE,3072.0,498,3072.0,2325
21:24:42,SP-FUTURE,3072.0,626,3072.0,2197
21:24:42,ESX-FUTURE,3014.0,2774,3014.0,184
21:24:43,SP-FUTURE,3072.0,1232,3072.0,1591
21:24:43,ESX-FUTURE,3014.0,2309,3014.0,649
21:24:45,ESX-FUTURE,3014.0,2223,3014.0,735
21:24:45,SP-FUTURE,3072.0,1238,3072.0,1585
21:24:45,SP-FUTURE,3072.0,745,3072.0,2078
21:24:46,ESX-FUTURE,3014.0,1822,3014.0,1136
21:24:46,ESX-FUTURE,3014.0,1812,3014.0,1146
21:24:47,SP-FUTURE,3071.0,1865,3071.0,958
21:24:47,ESX-FUTURE,3013.0,245,3014.0,2713
21:24:47,SP-FUTURE,3071.0,1820,3071.0,1003
21:24:48,ESX-FUTURE,3013.0,2828,3013.0,130
21:24:49,SP-FUTURE,3071.0,444,3071.0,2379
21:24:49,SP-FUTURE,3071.0,887,3071.0,1936
21:24:50,ESX-FUTURE,3013.0,2789,3013.0,169
21:24:51,SP-FUTURE,3071.0,911,3071.0,1912
21:24:51,SP-FUTURE,3071.0,959,3071.0,1864
21:24:51,ESX-FUTURE,3013.0,1936,3013.0,1022
21:24:51,SP-FUTURE,3071.0,660,3071.0,2163
21:24:52,SP-FUTURE,3071.0,1888,3071.0,935
21:24:53,SP-FUTURE,3072.0,437,3072.0,2386
21:24:53,ESX-FUTURE,3016.0,1988,3016.0,970
21:24:54,SP-FUTURE,3070.0,476,3071.0,2347
21:24:54,ESX-FUTURE,3016.0,1420,3016.0,1538
21:24:54,ESX-FUTURE,3016.0,1409,3016.0,1549
21:24:56,ESX-FUTURE,3016.0,1051,3016.0,1907
21:24:56,SP-FUTURE,3070.0,293,3071.0,2530
21:24:57,ESX-FUTURE,3016.0,1691,3016.0,1267
21:24:57,SP-FUTURE,3070.0,1522,3070.0,1301
21:24:57,ESX-FUTURE,3017.0,1050,3017.0,1908
21:24:58,SP-FUTURE,3070.0,2481,3070.0,342
21:24:58,ESX-FUTURE,3016.0,1919,3017.0,1039
21:24:59,SP-FUTURE,3070.0,2639,3070.0,184
21:24:59,ESX-FUTURE,3016.0,1722,3017.0,1236
21:25:01,ESX-FUTURE,3016.0,2766,3016.0,192
21:25:01,SP-FUTURE,3070.0,239,3070.0,2584
21:25:02,ESX-FUTURE,3016.0,2371,3016.0,587
21:25:02,SP-FUTURE,3070.0,210,3070.0,2613
21:25:03,SP-FUTURE,3070.0,933,3070.0,1890
21:25:03,ESX-FUTURE,3016.0,2737,3016.0,221
21:25:04,SP-FUTURE,3070.0,1087,3070.0,1736
21:25:04,ESX-FUTURE,3017.0,570,3017.0,2388
21:25:05,SP-FUTURE,3070.0,927,3070.0,1896
21:25:05,SP-FUTURE,3069.0,303,3070.0,2520
21:25:06,ESX-FUTURE,3017.0,595,3017.0,2363
21:25:06,SP-FUTURE,3069.0,780,3070.0,2043
21:25:07,SP-FUTURE,3069.0,777,3070.0,2046
21:25:07,ESX-FUTURE,3017.0,583,3017.0,2375
21:25:08,ESX-FUTURE,3019.0,1607,3019.0,1351
21:25:08,SP-FUTURE,3069.0,1041,3069.0,1782
21:25:10,ESX-FUTURE,3019.0,2179,3019.0,779
21:25:10,ESX-FUTURE,3019.0,2231,3020.0,727
21:25:10,SP-FUTURE,3068.0,2328,3069.0,495
21:25:10,SP-FUTURE,3068.0,1962,3069.0,861
21:25:10,ESX-FUTURE,3019.0,1647,3020.0,1311
21:25:10,SP-FUTURE,3068.0,2291,3069.0,532
21:25:11,ESX-FUTURE,3019.0,2017,3020.0,941
21:25:11,SP-FUTURE,3068.0,341,3068.0,2482
21:25:12,ESX-FUTURE,3019.0,1803,3020.0,1155
21:25:12,SP-FUTURE,3068.0,420,3068.0,2403
21:25:13,SP-FUTURE,3068.0,881,3069.0,1942
21:25:14,ESX-FUTURE,3019.0,675,3019.0,2283
21:25:14,SP-FUTURE,3068.0,2144,3069.0,679
21:25:15,ESX-FUTURE,3019.0,772,3019.0,2186
21:25:15,ESX-FUTURE,3018.0,1038,3018.0,1920
21:25:15,SP-FUTURE,3069.0,431,3069.0,2392
21:25:15,ESX-FUTURE,3018.0,1017,3018.0,1941
21:25:16,ESX-FUTURE,3018.0,931,3018.0,2027
21:25:16,SP-FUTURE,3069.0,2408,3070.0,415
21:25:17,ESX-FUTURE,3018.0,2035,3018.0,923
21:25:18,ESX-FUTURE,3018.0,2042,3018.0,916
21:25:18,SP-FUTURE,3067.0,18,3067.0,2805
21:25:18,ESX-FUTURE,3018.0,2242,3018.0,716
21:25:19,SP-FUTURE,3067.0,653,3067.0,2170
21:25:19,ESX-FUTURE,3018.0,1857,3018.0,1101
21:25:20,SP-FUTURE,3067.0,199,3067.0,2624
21:25:21,ESX-FUTURE,3018.0,2415,3018.0,543
21:25:22,SP-FUTURE,3067.0,1333,3067.0,1490
21:25:22,ESX-FUTURE,3018.0,1201,3018.0,1757
21:25:23,ESX-FUTURE,3019.0,640,3019.0,2318
21:25:23,SP-FUTURE,3067.0,1774,3067.0,1049
21:25:24,ESX-FUTURE,3018.0,1281,3018.0,1677
21:25:24,SP-FUTURE,3067.0,1184,3067.0,1639
21:25:24,ESX-FUTURE,3018.0,1297,3018.0,1661
21:25:24,SP-FUTURE,3067.0,518,3067.0,2305
21:25:24,ESX-FUTURE,3018.0,139,3019.0,2819
21:25:26,ESX-FUTURE,3018.0,861,3019.0,2097
21:25:26,SP-FUTURE,3067.0,1438,3067.0,1385
21:25:26,SP-FUTURE,3067.0,1818,3067.0,1005
21:25:27,ESX-FUTURE,3019.0,1712,3019.0,1246
21:25:28,SP-FUTURE,3067.0,366,3067.0,2457
21:25:29,ESX-FUTURE,3019.0,2282,3019.0,676
21:25:29,SP-FUTURE,3064.0,1413,3064.0,1410
21:25:30,SP-FUTURE,3064.0,1548,3064.0,1275
21:25:30,SP-FUTURE,3064.0,2464,3064.0,359
21:25:30,ESX-FUTURE,3019.0,2388,3019.0,570
21:25:31,ESX-FUTURE,3019.0,2205,3019.0,753
21:25:31,SP-FUTURE,3064.0,2543,3064.0,280
21:25:31,ESX-FUTURE,3018.0,2822,3019.0,136
21:25:32,SP-FUTURE,3064.0,2571,3064.0,252
21:25:33,ESX-FUTURE,3018.0,623,3019.0,2335
21:25:33,SP-FUTURE,3064.0,1620,3064.0,1203
21:25:34,SP-FUTURE,3064.0,669,3064.0,2154
21:25:35,ESX-FUTURE,3018.0,1146,3018.0,1812
21:25:35,SP-FUTURE,3063.0,845,3063.0,1978
21:25:36,ESX-FUTURE,3018.0,1902,3018.0,1056
21:25:36,SP-FUTURE,3063.0,365,3063.0,2458
21:25:37,ESX-FUTURE,3018.0,1038,3018.0,1920
21:25:38,SP-FUTURE,3063.0,1884,3063.0,939
21:25:38,ESX-FUTURE,3018.0,1332,3018.0,1626
21:25:39,SP-FUTURE,3063.0,681,3063.0,2142
21:25:40,SP-FUTURE,3064.0,2094,3064.0,729
21:25:40,SP-FUTURE,3064.0,2074,3064.0,749
21:25:40,ESX-FUTURE,3018.0,1750,3018.0,1208
21:25:41,SP-FUTURE,3062.0,147,3062.0,2676
21:25:41,ESX-FUTURE,3018.0,1693,3018.0,1265
21:25:42,SP-FUTURE,3061.0,1769,3062.0,1054
21:25:42,ESX-FUTURE,3018.0,1248,3018.0,1710
21:25:43,SP-FUTURE,3061.0,222,3062.0,2601
21:25:43,SP-FUTURE,3061.0,1074,3061.0,1749
21:25:43,ESX-FUTURE,3018.0,1594,3018.0,1364
21:25:44,SP-FUTURE,3062.0,556,3062.0,2267
21:25:45,ESX-FUTURE,3018.0,1376,3018.0,1582
21:25:45,ESX-FUTURE,3018.0,881,3018.0,2077
21:25:45,SP-FUTURE,3061.0,2606,3061.0,217
21:25:47,ESX-FUTURE,3018.0,839,3018.0,2119
21:25:47,SP-FUTURE,3061.0,2003,3061.0,820
21:25:47,ESX-FUTURE,3018.0,864,3018.0,2094
21:25:48,SP-FUTURE,3061.0,2680,3061.0,143
21:25:49,ESX-FUTURE,3018.0,1324,3018.0,1634
21:25:49,SP-FUTURE,3062.0,2,3063.0,2821
21:25:50,ESX-FUTURE,3018.0,1334,3018.0,1624
21:25:50,SP-FUTURE,3062.0,2186,3063.0,637
21:25:51,SP-FUTURE,3062.0,1723,3063.0,1100
21:25:51,ESX-FUTURE,3018.0,1274,3018.0,1684
21:25:51,SP-FUTURE,3062.0,400,3062.0,2423
21:25:52,ESX-FUTURE,3018.0,628,3018.0,2330
21:25:53,SP-FUTURE,3062.0,1378,3062.0,1445
21:25:53,ESX-FUTURE,3018.0,433,3018.0,2525
21:25:54,SP-FUTURE,3062.0,1464,3062.0,1359
21:25:54,ESX-FUTURE,3018.0,1203,3018.0,1755
21:25:55,SP-FUTURE,3061.0,187,3061.0,2636
21:25:56,ESX-FUTURE,3018.0,757,3018.0,2201
21:25:56,SP-FUTURE,3064.0,235,3064.0,2588
21:25:57,ESX-FUTURE,3018.0,2530,3018.0,428
21:25:57,SP-FUTURE,3064.0,2073,3064.0,750
21:25:58,SP-FUTURE,3064.0,1593,3064.0,1230
21:25:58,ESX-FUTURE,3018.0,2115,3018.0,843
21:25:59,SP-FUTURE,3064.0,2196,3065.0,627
21:25:59,ESX-FUTURE,3018.0,2063,3018.0,895
21:25:59,ESX-FUTURE,3018.0,2174,3018.0,784
21:26:01,SP-FUTURE,3065.0,960,3065.0,1863
21:26:01,ESX-FUTURE,3018.0,2312,3018.0,646
21:26:02,ESX-FUTURE,3018.0,493,3018.0,2465
21:26:02,SP-FUTURE,3065.0,428,3065.0,2395
21:26:03,ESX-FUTURE,3018.0,894,3018.0,2064
21:26:04,ESX-FUTURE,3018.0,2482,3018.0,476
21:26:04,SP-FUTURE,3065.0,821,3065.0,2002
21:26:05,ESX-FUTURE,3017.0,1645,3018.0,1313
21:26:05,SP-FUTURE,3065.0,288,3065.0,2535
21:26:06,ESX-FUTURE,3018.0,458,3018.0,2500
21:26:06,ESX-FUTURE,3018.0,1385,3019.0,1573
21:26:07,SP-FUTURE,3065.0,1160,3065.0,1663
21:26:07,ESX-FUTURE,3018.0,2868,3019.0,90
21:26:08,SP-FUTURE,3065.0,1167,3065.0,1656
21:26:09,ESX-FUTURE,3018.0,2865,3019.0,93
21:26:09,SP-FUTURE,3065.0,1185,3065.0,1638
21:26:09,SP-FUTURE,3065.0,1198,3065.0,1625
21:26:10,ESX-FUTURE,3018.0,1183,3019.0,1775
21:26:10,ESX-FUTURE,3019.0,2149,3019.0,809
21:26:11,SP-FUTURE,3065.0,789,3065.0,2034
21:26:11,ESX-FUTURE,3019.0,357,3019.0,2601
21:26:13,ESX-FUTURE,3019.0,1089,3019.0,1869
21:26:13,SP-FUTURE,3065.0,341,3065.0,2482
21:26:14,ESX-FUTURE,3019.0,1015,3019.0,1943
21:26:14,SP-FUTURE,3065.0,1380,3065.0,1443
21:26:16,ESX-FUTURE,3017.0,1807,3018.0,1151
21:26:17,ESX-FUTURE,3018.0,1340,3018.0,1618
21:26:17,SP-FUTURE,3066.0,1331,3066.0,1492
21:26:18,SP-FUTURE,3066.0,2191,3066.0,632
21:26:18,ESX-FUTURE,3018.0,2780,3018.0,178
21:26:18,SP-FUTURE,3066.0,2225,3066.0,598
21:26:19,ESX-FUTURE,3018.0,1096,3018.0,1862
21:26:19,SP-FUTURE,3068.0,1025,3068.0,1798
21:26:20,ESX-FUTURE,3018.0,1687,3018.0,1271
21:26:20,SP-FUTURE,3068.0,2522,3068.0,301
21:26:20,ESX-FUTURE,3018.0,78,3018.0,2880
21:26:21,SP-FUTURE,3068.0,93,3068.0,2730
21:26:22,ESX-FUTURE,3018.0,582,3018.0,2376
21:26:22,SP-FUTURE,3068.0,73,3068.0,2750
21:26:23,SP-FUTURE,3068.0,2256,3068.0,567
21:26:23,ESX-FUTURE,3018.0,286,3018.0,2672
21:26:24,SP-FUTURE,3068.0,2194,3068.0,629
21:26:24,ESX-FUTURE,3018.0,133,3018.0,2825
21:26:24,SP-FUTURE,3068.0,2189,3068.0,634
21:26:25,SP-FUTURE,3068.0,31,3068.0,2792
21:26:25,ESX-FUTURE,3018.0,172,3018.0,2786
21:26:26,ESX-FUTURE,3018.0,341,3018.0,2617
21:26:26,ESX-FUTURE,3018.0,320,3018.0,2638
21:26:27,SP-FUTURE,3068.0,500,3069.0,2323
21:26:28,ESX-FUTURE,3018.0,2240,3018.0,718
21:26:28,SP-FUTURE,3068.0,1780,3069.0,1043
21:26:29,SP-FUTURE,3068.0,1452,3069.0,1371
21:26:29,ESX-FUTURE,3018.0,62,3018.0,2896
21:26:30,ESX-FUTURE,3018.0,788,3018.0,2170
21:26:31,SP-FUTURE,3068.0,683,3069.0,2140
21:26:32,SP-FUTURE,3068.0,727,3069.0,2096
21:26:33,ESX-FUTURE,3018.0,34,3018.0,2924
21:26:33,SP-FUTURE,3068.0,793,3069.0,2030
21:26:33,ESX-FUTURE,3018.0,122,3018.0,2836
21:26:34,SP-FUTURE,3068.0,560,3069.0,2263
21:26:35,ESX-FUTURE,3018.0,877,3018.0,2081
21:26:35,SP-FUTURE,3068.0,150,3069.0,2673
21:26:36,SP-FUTURE,3068.0,2004,3069.0,819
21:26:36,ESX-FUTURE,3018.0,1133,3018.0,1825
21:26:37,ESX-FUTURE,3018.0,888,3018.0,2070
21:26:37,SP-FUTURE,3069.0,1482,3069.0,1341
21:26:38,SP-FUTURE,3071.0,1623,3072.0,1200
21:26:39,SP-FUTURE,3072.0,236,3072.0,2587
21:26:39,ESX-FUTURE,3018.0,911,3018.0,2047
21:26:40,ESX-FUTURE,3018.0,737,3018.0,2221
21:26:40,SP-FUTURE,3071.0,441,3072.0,2382
21:26:40,SP-FUTURE,3071.0,352,3072.0,2471
21:26:41,SP-FUTURE,3071.0,160,3072.0,2663
21:26:41,ESX-FUTURE,3018.0,622,3018.0,2336
21:26:42,SP-FUTURE,3071.0,1367,3071.0,1456
21:26:42,ESX-FUTURE,3018.0,1491,3018.0,1467
21:26:44,ESX-FUTURE,3019.0,138,3019.0,2820
21:26:44,SP-FUTURE,3071.0,1450,3071.0,1373
21:26:44,SP-FUTURE,3071.0,1314,3071.0,1509
21:26:44,ESX-FUTURE,3019.0,1704,3019.0,1254
21:26:45,SP-FUTURE,3071.0,1309,3071.0,1514
21:26:46,ESX-FUTURE,3018.0,2873,3019.0,85
21:26:46,ESX-FUTURE,3018.0,1326,3019.0,1632
21:26:47,SP-FUTURE,3071.0,2329,3071.0,494
21:26:48,ESX-FUTURE,3018.0,2133,3019.0,825
21:26:48,SP-FUTURE,3071.0,556,3071.0,2267
21:26:49,ESX-FUTURE,3018.0,2158,3019.0,800
21:26:50,SP-FUTURE,3072.0,1723,3072.0,1100
21:26:50,ESX-FUTURE,3018.0,2473,3019.0,485
21:26:50,ESX-FUTURE,3018.0,2202,3019.0,756
21:26:51,SP-FUTURE,3071.0,117,3072.0,2706
21:26:51,ESX-FUTURE,3018.0,1937,3019.0,1021
21:26:52,SP-FUTURE,3071.0,1832,3071.0,991
21:26:52,ESX-FUTURE,3018.0,1622,3019.0,1336
21:26:52,SP-FUTURE,3071.0,2435,3071.0,388
21:26:53,ESX-FUTURE,3018.0,2107,3018.0,851
21:26:53,SP-FUTURE,3071.0,1718,3071.0,1105
21:26:54,ESX-FUTURE,3017.0,1260,3018.0,1698
21:26:54,SP-FUTURE,3071.0,1147,3071.0,1676
21:26:55,ESX-FUTURE,3018.0,1145,3018.0,1813
21:26:55,SP-FUTURE,3071.0,264,3071.0,2559
21:26:56,ESX-FUTURE,3019.0,2045,3019.0,913
21:26:57,SP-FUTURE,3071.0,404,3071.0,2419
21:26:57,SP-FUTURE,3070.0,270,3070.0,2553
21:26:58,SP-FUTURE,3071.0,109,3071.0,2714
21:26:58,ESX-FUTURE,3019.0,1995,3019.0,963
21:26:59,ESX-FUTURE,3019.0,1996,3019.0,962
21:27:00,SP-FUTURE,3070.0,1996,3070.0,827
21:27:00,ESX-FUTURE,3018.0,214,3018.0,2744
21:27:00,SP-FUTURE,3070.0,1323,3071.0,1500
21:27:00,SP-FUTURE,3070.0,2584,3071.0,239
21:27:01,ESX-FUTURE,3018.0,155,3018.0,2803
21:27:01,SP-FUTURE,3071.0,2232,3072.0,591
21:27:02,ESX-FUTURE,3018.0,323,3018.0,2635
21:27:02,ESX-FUTURE,3018.0,2226,3018.0,732
21:27:02,SP-FUTURE,3072.0,292,3072.0,2531
21:27:04,ESX-FUTURE,3018.0,1212,3018.0,1746
21:27:04,SP-FUTURE,3072.0,1716,3072.0,1107
21:27:04,ESX-FUTURE,3018.0,1705,3018.0,1253
21:27:05,SP-FUTURE,3072.0,2152,3072.0,671
21:27:05,ESX-FUTURE,3018.0,2667,3019.0,291
21:27:06,SP-FUTURE,3072.0,129,3072.0,2694
21:27:06,ESX-FUTURE,3019.0,2405,3019.0,553
21:27:07,SP-FUTURE,3072.0,335,3072.0,2488
21:27:08,SP-FUTURE,3072.0,1807,3072.0,1016
21:27:08,SP-FUTURE,3072.0,278,3072.0,2545
21:27:08,ESX-FUTURE,3019.0,1077,3019.0,1881
21:27:09,ESX-FUTURE,3019.0,1077,3019.0,1881
21:27:10,SP-FUTURE,3072.0,532,3072.0,2291
21:27:11,SP-FUTURE,3074.0,2526,3074.0,297
21:27:11,ESX-FUTURE,3019.0,2090,3019.0,868
21:27:11,ESX-FUTURE,3015.0,1602,3015.0,1356
21:27:11,SP-FUTURE,3074.0,464,3074.0,2359
21:27:12,ESX-FUTURE,3015.0,2568,3016.0,390
21:27:13,SP-FUTURE,3074.0,707,3074.0,2116
21:27:13,ESX-FUTURE,3015.0,2423,3016.0,535
21:27:13,ESX-FUTURE,3015.0,2251,3016.0,707
21:27:14,ESX-FUTURE,3015.0,2208,3016.0,750
21:27:14,SP-FUTURE,3074.0,562,3074.0,2261
21:27:14,SP-FUTURE,3071.0,366,3071.0,2457
21:27:15,ESX-FUTURE,3015.0,2295,3016.0,663
21:27:15,SP-FUTURE,3071.0,1954,3071.0,869
21:27:16,SP-FUTURE,3071.0,507,3072.0,2316
21:27:16,ESX-FUTURE,3015.0,2602,3015.0,356
21:27:16,SP-FUTURE,3071.0,545,3072.0,2278
21:27:17,ESX-FUTURE,3015.0,2701,3015.0,257
21:27:18,SP-FUTURE,3071.0,2606,3071.0,217
21:27:18,ESX-FUTURE,3015.0,2927,3015.0,31
21:27:19,ESX-FUTURE,3015.0,645,3016.0,2313
21:27:19,SP-FUTURE,3071.0,2279,3071.0,544
21:27:20,ESX-FUTURE,3015.0,1045,3015.0,1913
21:27:20,ESX-FUTURE,3015.0,1446,3015.0,1512
21:27:21,SP-FUTURE,3071.0,1252,3071.0,1571
21:27:22,SP-FUTURE,3071.0,2213,3071.0,610
21:27:22,ESX-FUTURE,3015.0,1573,3015.0,1385
21:27:22,SP-FUTURE,3070.0,1205,3071.0,1618
21:27:22,ESX-FUTURE,3015.0,401,3016.0,2557
21:27:23,SP-FUTURE,3071.0,520,3071.0,2303
21:27:23,ESX-FUTURE,3015.0,2401,3015.0,557
21:27:24,SP-FUTURE,3070.0,1936,3071.0,887
21:27:25,ESX-FUTURE,3015.0,2623,3015.0,335
21:27:25,SP-FUTURE,3070.0,778,3070.0,2045
21:27:26,ESX-FUTURE,3015.0,1346,3015.0,1612
21:27:26,SP-FUTURE,3071.0,991,3071.0,1832
21:27:27,ESX-FUTURE,3015.0,2559,3015.0,399
21:27:28,SP-FUTURE,3071.0,1840,3071.0,983
21:27:28,ESX-FUTURE,3015.0,479,3015.0,2479
21:27:29,ESX-FUTURE,3015.0,1732,3015.0,1226
21:27:30,SP-FUTURE,3071.0,186,3071.0,2637
21:27:30,ESX-FUTURE,3015.0,1211,3015.0,1747
21:27:31,ESX-FUTURE,3016.0,146,3016.0,2812
21:27:31,SP-FUTURE,3071.0,71,3071.0,2752
21:27:31,SP-FUTURE,3071.0,3,3071.0,2820
21:27:32,ESX-FUTURE,3016.0,146,3016.0,2812
21:27:33,SP-FUTURE,3071.0,182,3071.0,2641
21:27:33,ESX-FUTURE,3016.0,172,3016.0,2786
21:27:33,SP-FUTURE,3071.0,2560,3071.0,263
21:27:33,ESX-FUTURE,3016.0,16,3016.0,2942
21:27:33,SP-FUTURE,3071.0,2564,3071.0,259
21:27:34,ESX-FUTURE,3016.0,541,3016.0,2417
21:27:34,SP-FUTURE,3071.0,2638,3071.0,185
21:27:35,ESX-FUTURE,3016.0,550,3016.0,2408
21:27:35,SP-FUTURE,3071.0,1133,3071.0,1690
21:27:35,SP-FUTURE,3071.0,1619,3071.0,1204
21:27:36,ESX-FUTURE,3017.0,709,3017.0,2249
21:27:37,SP-FUTURE,3071.0,1882,3071.0,941
21:27:37,ESX-FUTURE,3017.0,1754,3017.0,1204
21:27:37,SP-FUTURE,3071.0,1676,3071.0,1147
21:27:38,ESX-FUTURE,3016.0,1986,3017.0,972
21:27:38,SP-FUTURE,3071.0,1909,3071.0,914
21:27:39,SP-FUTURE,3071.0,238,3071.0,2585
21:27:40,ESX-FUTURE,3016.0,1867,3017.0,1091
21:27:40,SP-FUTURE,3071.0,1720,3071.0,1103
21:27:41,ESX-FUTURE,3016.0,2352,3017.0,606
21:27:41,SP-FUTURE,3068.0,1251,3068.0,1572
21:27:42,ESX-FUTURE,3016.0,1310,3016.0,1648
21:27:42,SP-FUTURE,3068.0,2122,3068.0,701
21:27:43,SP-FUTURE,3069.0,843,3069.0,1980
21:27:43,ESX-FUTURE,3015.0,1292,3016.0,1666
21:27:44,ESX-FUTURE,3016.0,746,3016.0,2212
21:27:45,SP-FUTURE,3069.0,2284,3069.0,539
21:27:45,ESX-FUTURE,3016.0,1240,3016.0,1718
21:27:46,SP-FUTURE,3069.0,616,3069.0,2207
21:27:47,ESX-FUTURE,3015.0,2105,3015.0,853
21:27:47,SP-FUTURE,3069.0,2693,3069.0,130
21:27:48,SP-FUTURE,3069.0,2699,3069.0,124
21:27:48,ESX-FUTURE,3015.0,2234,3015.0,724
21:27:49,SP-FUTURE,3069.0,432,3069.0,2391
21:27:50,ESX-FUTURE,3015.0,2105,3015.0,853
21:27:51,SP-FUTURE,3069.0,146,3069.0,2677
21:27:52,ESX-FUTURE,3015.0,2183,3016.0,775
21:27:52,SP-FUTURE,3069.0,1220,3069.0,1603
21:27:53,SP-FUTURE,3069.0,2473,3069.0,350
21:27:54,ESX-FUTURE,3015.0,639,3016.0,2319
21:27:54,SP-FUTURE,3069.0,620,3069.0,2203
21:27:55,SP-FUTURE,3069.0,2726,3069.0,97
21:27:55,ESX-FUTURE,3015.0,465,3016.0,2493
21:27:56,ESX-FUTURE,3015.0,437,3016.0,2521
21:27:56,SP-FUTURE,3069.0,439,3069.0,2384
21:27:57,ESX-FUTURE,3015.0,2879,3016.0,79
21:27:57,SP-FUTURE,3069.0,443,3069.0,2380
21:27:58,ESX-FUTURE,3015.0,2944,3016.0,14
21:27:59,ESX-FUTURE,3015.0,2646,3016.0,312
21:27:59,SP-FUTURE,3069.0,2098,3069.0,725
21:28:00,ESX-FUTURE,3016.0,1073,3016.0,1885
21:28:00,SP-FUTURE,3068.0,2803,3068.0,20
21:28:00,SP-FUTURE,3068.0,2820,3068.0,3
21:28:00,ESX-FUTURE,3016.0,1074,3016.0,1884
21:28:01,ESX-FUTURE,3016.0,1043,3016.0,1915
21:28:01,SP-FUTURE,3068.0,2327,3068.0,496
21:28:03,SP-FUTURE,3068.0,1568,3068.0,1255
21:28:03,ESX-FUTURE,3016.0,526,3016.0,2432
21:28:04,SP-FUTURE,3068.0,2279,3069.0,544
21:28:05,ESX-FUTURE,3016.0,2036,3016.0,922
21:28:06,ESX-FUTURE,3016.0,2151,3016.0,807
21:28:06,ESX-FUTURE,3016.0,2681,3016.0,277
21:28:07,SP-FUTURE,3068.0,1640,3068.0,1183
21:28:07,ESX-FUTURE,3016.0,2823,3016.0,135
21:28:08,ESX-FUTURE,3016.0,1529,3016.0,1429
21:28:08,SP-FUTURE,3068.0,2691,3068.0,132
21:28:08,ESX-FUTURE,3016.0,1587,3016.0,1371
21:28:09,SP-FUTURE,3068.0,1738,3068.0,1085
21:28:10,ESX-FUTURE,3016.0,1447,3016.0,1511
21:28:10,SP-FUTURE,3068.0,1034,3068.0,1789
21:28:11,ESX-FUTURE,3016.0,2036,3016.0,922
21:28:11,SP-FUTURE,3068.0,731,3068.0,2092
21:28:12,ESX-FUTURE,3016.0,320,3016.0,2638
21:28:13,SP-FUTURE,3068.0,660,3068.0,2163
21:28:14,ESX-FUTURE,3016.0,2212,3016.0,746
21:28:14,SP-FUTURE,3067.0,2002,3067.0,821
21:28:14,ESX-FUTURE,3015.0,1926,3015.0,1032
21:28:14,ESX-FUTURE,3015.0,2068,3015.0,890
21:28:15,SP-FUTURE,3067.0,1051,3068.0,1772
21:28:15,ESX-FUTURE,3015.0,20,3016.0,2938
21:28:15,ESX-FUTURE,3016.0,420,3016.0,2538
21:28:16,SP-FUTURE,3067.0,1004,3068.0,1819
21:28:16,ESX-FUTURE,3016.0,2296,3016.0,662
21:28:17,SP-FUTURE,3067.0,1265,3067.0,1558
21:28:18,ESX-FUTURE,3016.0,1025,3016.0,1933
21:28:19,ESX-FUTURE,3015.0,1126,3016.0,1832
21:28:19,SP-FUTURE,3067.0,1556,3067.0,1267
21:28:19,ESX-FUTURE,3015.0,2300,3016.0,658
21:28:20,SP-FUTURE,3067.0,61,3067.0,2762
21:28:20,ESX-FUTURE,3015.0,2325,3016.0,633
21:28:20,SP-FUTURE,3064.0,179,3064.0,2644
21:28:21,SP-FUTURE,3064.0,2512,3064.0,311
21:28:21,SP-FUTURE,3064.0,79,3064.0,2744
21:28:21,ESX-FUTURE,3015.0,2455,3016.0,503
21:28:22,ESX-FUTURE,3015.0,2572,3016.0,386
21:28:22,SP-FUTURE,3064.0,1540,3064.0,1283
21:28:23,ESX-FUTURE,3014.0,357,3014.0,2601
21:28:23,ESX-FUTURE,3014.0,389,3014.0,2569
21:28:24,SP-FUTURE,3064.0,801,3064.0,2022
21:28:24,SP-FUTURE,3064.0,2570,3064.0,253
21:28:24,ESX-FUTURE,3013.0,2891,3014.0,67
21:28:25,ESX-FUTURE,3012.0,902,3013.0,2056
21:28:27,ESX-FUTURE,3012.0,118,3013.0,2840
21:28:27,SP-FUTURE,3064.0,2404,3064.0,419
21:28:27,ESX-FUTURE,3012.0,2512,3012.0,446
21:28:28,SP-FUTURE,3064.0,2405,3064.0,418
21:28:29,SP-FUTURE,3064.0,2314,3064.0,509
21:28:30,SP-FUTURE,3064.0,1458,3065.0,1365
21:28:30,ESX-FUTURE,3012.0,2952,3012.0,6
21:28:31,SP-FUTURE,3064.0,1461,3065.0,1362
21:28:32,ESX-FUTURE,3012.0,1957,3012.0,1001
21:28:32,SP-FUTURE,3065.0,2531,3065.0,292
21:28:32,ESX-FUTURE,3012.0,337,3012.0,2621
21:28:33,SP-FUTURE,3065.0,2487,3065.0,336
21:28:33,ESX-FUTURE,3012.0,436,3012.0,2522
21:28:34,SP-FUTURE,3065.0,2175,3065.0,648
21:28:34,ESX-FUTURE,3011.0,2924,3012.0,34
21:28:35,SP-FUTURE,3065.0,2177,3065.0,646
21:28:35,SP-FUTURE,3065.0,2183,3065.0,640
21:28:36,SP-FUTURE,3065.0,2212,3065.0,611
