Timestamp,Instrument,Bid Price,Bid Volume,Ask Price,Ask Volume,TODO
00:58:06,ESX-FUTURE,3110.0,362,3110.0,2602,NOTHING
00:58:08,ESX-FUTURE,3110.0,2883,3110.0,81,NOTHING
00:58:08,ESX-FUTURE,3110.0,1149,3110.0,1815,NOTHING
00:58:10,ESX-FUTURE,3110.0,1093,3110.0,1871,NOTHING
00:58:12,ESX-FUTURE,3110.0,1573,3110.0,1391,NOTHING
00:58:13,ESX-FUTURE,3110.0,2231,3111.0,733,NOTHING
00:58:14,ESX-FUTURE,3111.0,2862,3111.0,102,NOTHING
00:58:15,ESX-FUTURE,3111.0,1856,3111.0,1108,NOTHING
00:58:16,ESX-FUTURE,3111.0,948,3111.0,2016,NOTHING
00:58:17,ESX-FUTURE,3111.0,1956,3111.0,1008,NOTHING
00:58:18,ESX-FUTURE,3111.0,1451,3111.0,1513,NOTHING
00:58:18,ESX-FUTURE,3111.0,1603,3111.0,1361,NOTHING
00:58:19,ESX-FUTURE,3111.0,2291,3111.0,673,NOTHING
00:58:20,ESX-FUTURE,3112.0,99,3112.0,2865,NOTHING
00:58:22,ESX-FUTURE,3112.0,18,3112.0,2946,NOTHING
00:58:23,ESX-FUTURE,3112.0,335,3112.0,2629,NOTHING
00:58:24,ESX-FUTURE,3112.0,1260,3112.0,1704,NOTHING
00:58:25,ESX-FUTURE,3112.0,1274,3112.0,1690,NOTHING
00:58:27,ESX-FUTURE,3111.0,1659,3112.0,1305,NOTHING
00:58:28,ESX-FUTURE,3111.0,1070,3112.0,1894,NOTHING
00:58:29,ESX-FUTURE,3111.0,1287,3111.0,1677,NOTHING
00:58:30,ESX-FUTURE,3111.0,1289,3111.0,1675,NOTHING
00:58:31,ESX-FUTURE,3111.0,2933,3111.0,31,NOTHING
00:58:31,ESX-FUTURE,3111.0,2698,3111.0,266,NOTHING
00:58:32,ESX-FUTURE,3111.0,2779,3111.0,185,NOTHING
00:58:33,ESX-FUTURE,3110.0,174,3110.0,2790,NOTHING
00:58:34,ESX-FUTURE,3110.0,748,3110.0,2216,NOTHING
00:58:36,ESX-FUTURE,3110.0,2829,3110.0,135,NOTHING
00:58:37,ESX-FUTURE,3110.0,2309,3110.0,655,NOTHING
00:58:39,ESX-FUTURE,3110.0,1096,3110.0,1868,NOTHING
00:58:40,ESX-FUTURE,3110.0,158,3110.0,2806,NOTHING
00:58:41,ESX-FUTURE,3110.0,1823,3110.0,1141,NOTHING
00:58:41,ESX-FUTURE,3110.0,1868,3110.0,1096,NOTHING
00:58:43,ESX-FUTURE,3110.0,148,3110.0,2816,NOTHING
00:58:44,ESX-FUTURE,3109.0,2261,3110.0,703,NOTHING
00:58:46,ESX-FUTURE,3109.0,2287,3110.0,677,NOTHING
00:58:46,ESX-FUTURE,3109.0,434,3110.0,2530,NOTHING
00:58:48,ESX-FUTURE,3109.0,483,3110.0,2481,NOTHING
00:58:49,ESX-FUTURE,3109.0,614,3110.0,2350,NOTHING
00:58:49,ESX-FUTURE,3109.0,631,3110.0,2333,NOTHING
00:58:51,ESX-FUTURE,3109.0,2790,3109.0,174,NOTHING
00:58:52,ESX-FUTURE,3109.0,292,3109.0,2672,NOTHING
00:58:53,ESX-FUTURE,3109.0,151,3109.0,2813,NOTHING
00:58:54,ESX-FUTURE,3109.0,556,3109.0,2408,NOTHING
00:58:55,ESX-FUTURE,3109.0,1862,3109.0,1102,NOTHING
00:58:55,ESX-FUTURE,3109.0,1550,3109.0,1414,NOTHING
00:58:56,ESX-FUTURE,3109.0,1607,3109.0,1357,NOTHING
00:58:57,ESX-FUTURE,3109.0,1662,3109.0,1302,NOTHING
00:58:58,ESX-FUTURE,3109.0,2121,3109.0,843,NOTHING
00:58:59,ESX-FUTURE,3109.0,2079,3109.0,885,NOTHING
00:59:00,ESX-FUTURE,3109.0,1988,3109.0,976,NOTHING
00:59:00,ESX-FUTURE,3109.0,1673,3110.0,1291,NOTHING
00:59:01,ESX-FUTURE,3109.0,1588,3110.0,1376,NOTHING
00:59:02,ESX-FUTURE,3110.0,1488,3110.0,1476,NOTHING
00:59:04,ESX-FUTURE,3110.0,526,3110.0,2438,NOTHING
00:59:05,ESX-FUTURE,3109.0,2828,3110.0,136,NOTHING
00:59:05,ESX-FUTURE,3109.0,2394,3110.0,570,NOTHING
00:59:06,ESX-FUTURE,3109.0,2312,3110.0,652,NOTHING
00:59:06,ESX-FUTURE,3108.0,631,3108.0,2333,NOTHING
00:59:08,ESX-FUTURE,3108.0,1062,3108.0,1902,NOTHING
00:59:08,ESX-FUTURE,3108.0,1553,3108.0,1411,NOTHING
00:59:09,ESX-FUTURE,3108.0,856,3108.0,2108,NOTHING
00:59:10,ESX-FUTURE,3108.0,825,3108.0,2139,NOTHING
00:59:11,ESX-FUTURE,3108.0,121,3108.0,2843,NOTHING
00:59:13,ESX-FUTURE,3108.0,806,3108.0,2158,NOTHING
00:59:14,ESX-FUTURE,3108.0,2709,3108.0,255,NOTHING
00:59:15,ESX-FUTURE,3108.0,2317,3108.0,647,NOTHING
00:59:16,ESX-FUTURE,3108.0,289,3108.0,2675,NOTHING
00:59:17,ESX-FUTURE,3108.0,276,3108.0,2688,NOTHING
00:59:17,ESX-FUTURE,3108.0,2729,3108.0,235,NOTHING
00:59:17,ESX-FUTURE,3108.0,1971,3108.0,993,NOTHING
00:59:19,ESX-FUTURE,3108.0,443,3108.0,2521,NOTHING
00:59:20,ESX-FUTURE,3108.0,744,3108.0,2220,NOTHING
00:59:21,ESX-FUTURE,3108.0,2556,3108.0,408,NOTHING
00:59:22,ESX-FUTURE,3108.0,1423,3108.0,1541,NOTHING
00:59:24,ESX-FUTURE,3108.0,337,3109.0,2627,NOTHING
00:59:24,ESX-FUTURE,3108.0,380,3109.0,2584,NOTHING
00:59:25,ESX-FUTURE,3108.0,2173,3108.0,791,NOTHING
00:59:27,ESX-FUTURE,3108.0,2131,3108.0,833,NOTHING
00:59:27,ESX-FUTURE,3108.0,2230,3108.0,734,NOTHING
00:59:29,ESX-FUTURE,3108.0,421,3109.0,2543,NOTHING
00:59:29,ESX-FUTURE,3109.0,2542,3109.0,422,NOTHING
00:59:30,ESX-FUTURE,3109.0,2209,3109.0,755,NOTHING
00:59:31,ESX-FUTURE,3109.0,2125,3109.0,839,NOTHING
00:59:33,ESX-FUTURE,3109.0,1831,3109.0,1133,NOTHING
00:59:33,ESX-FUTURE,3109.0,928,3109.0,2036,NOTHING
00:59:35,ESX-FUTURE,3109.0,668,3110.0,2296,NOTHING
00:59:37,ESX-FUTURE,3109.0,1557,3109.0,1407,NOTHING
00:59:38,ESX-FUTURE,3109.0,1627,3109.0,1337,NOTHING
00:59:39,ESX-FUTURE,3109.0,2767,3109.0,197,NOTHING
00:59:39,ESX-FUTURE,3109.0,2837,3109.0,127,NOTHING
00:59:40,ESX-FUTURE,3109.0,2819,3109.0,145,NOTHING
00:59:41,ESX-FUTURE,3109.0,2367,3109.0,597,NOTHING
00:59:42,ESX-FUTURE,3109.0,1466,3109.0,1498,NOTHING
00:59:43,ESX-FUTURE,3109.0,1139,3109.0,1825,NOTHING
00:59:43,ESX-FUTURE,3109.0,496,3109.0,2468,NOTHING
00:59:45,ESX-FUTURE,3109.0,503,3109.0,2461,NOTHING
00:59:47,ESX-FUTURE,3109.0,2464,3109.0,500,NOTHING
00:59:49,ESX-FUTURE,3108.0,549,3109.0,2415,NOTHING
00:59:49,ESX-FUTURE,3108.0,552,3109.0,2412,NOTHING
00:59:51,ESX-FUTURE,3108.0,2050,3109.0,914,NOTHING
00:59:53,ESX-FUTURE,3108.0,2586,3109.0,378,NOTHING
00:59:54,ESX-FUTURE,3109.0,1173,3110.0,1791,NOTHING
00:59:55,ESX-FUTURE,3109.0,2511,3110.0,453,NOTHING
00:59:57,ESX-FUTURE,3110.0,331,3110.0,2633,NOTHING
00:59:58,ESX-FUTURE,3109.0,750,3110.0,2214,NOTHING
00:59:59,ESX-FUTURE,3109.0,688,3110.0,2276,NOTHING
01:00:00,ESX-FUTURE,3109.0,692,3110.0,2272,NOTHING
01:00:00,ESX-FUTURE,3109.0,677,3110.0,2287,NOTHING
01:00:02,ESX-FUTURE,3109.0,1590,3110.0,1374,NOTHING
01:00:03,ESX-FUTURE,3109.0,1097,3110.0,1867,NOTHING
01:00:04,ESX-FUTURE,3109.0,125,3110.0,2839,NOTHING
01:00:06,ESX-FUTURE,3109.0,2930,3109.0,34,NOTHING
01:00:07,ESX-FUTURE,3109.0,2714,3109.0,250,NOTHING
01:00:08,ESX-FUTURE,3109.0,2897,3109.0,67,NOTHING
01:00:08,ESX-FUTURE,3109.0,752,3110.0,2212,NOTHING
01:00:09,ESX-FUTURE,3110.0,1039,3110.0,1925,NOTHING
01:00:10,ESX-FUTURE,3109.0,1962,3110.0,1002,NOTHING
01:00:11,ESX-FUTURE,3109.0,1084,3109.0,1880,NOTHING
01:00:13,ESX-FUTURE,3109.0,906,3109.0,2058,NOTHING
01:00:14,ESX-FUTURE,3109.0,376,3109.0,2588,NOTHING
01:00:16,ESX-FUTURE,3108.0,2541,3109.0,423,NOTHING
01:00:17,ESX-FUTURE,3108.0,2733,3109.0,231,NOTHING
01:00:18,ESX-FUTURE,3108.0,2890,3109.0,74,NOTHING
01:00:19,ESX-FUTURE,3108.0,2453,3108.0,511,NOTHING
01:00:21,ESX-FUTURE,3109.0,1155,3109.0,1809,NOTHING
01:00:22,ESX-FUTURE,3108.0,2849,3108.0,115,NOTHING
01:00:24,ESX-FUTURE,3108.0,236,3109.0,2728,NOTHING
01:00:25,ESX-FUTURE,3109.0,2503,3109.0,461,NOTHING
01:00:26,ESX-FUTURE,3107.0,2368,3107.0,596,NOTHING
01:00:26,ESX-FUTURE,3107.0,2252,3107.0,712,NOTHING
01:00:28,ESX-FUTURE,3107.0,888,3107.0,2076,NOTHING
01:00:28,ESX-FUTURE,3108.0,1664,3109.0,1300,NOTHING
01:00:28,ESX-FUTURE,3110.0,1242,3110.0,1722,NOTHING
01:00:29,ESX-FUTURE,3108.0,571,3108.0,2393,NOTHING
01:00:30,ESX-FUTURE,3109.0,1651,3109.0,1313,NOTHING
01:00:31,ESX-FUTURE,3109.0,575,3109.0,2389,NOTHING
01:00:32,ESX-FUTURE,3109.0,1988,3109.0,976,NOTHING
01:00:33,ESX-FUTURE,3109.0,2462,3109.0,502,NOTHING
01:00:34,ESX-FUTURE,3109.0,1350,3109.0,1614,NOTHING
01:00:35,ESX-FUTURE,3109.0,408,3109.0,2556,NOTHING
01:00:35,ESX-FUTURE,3109.0,577,3109.0,2387,NOTHING
01:00:36,ESX-FUTURE,3109.0,182,3110.0,2782,NOTHING
01:00:37,ESX-FUTURE,3109.0,2916,3109.0,48,NOTHING
01:00:39,ESX-FUTURE,3110.0,1288,3110.0,1676,NOTHING
01:00:39,ESX-FUTURE,3110.0,1449,3110.0,1515,NOTHING
01:00:40,ESX-FUTURE,3110.0,1390,3110.0,1574,NOTHING
01:00:41,ESX-FUTURE,3110.0,2794,3110.0,170,NOTHING
01:00:42,ESX-FUTURE,3110.0,925,3110.0,2039,NOTHING
01:00:43,ESX-FUTURE,3110.0,1780,3110.0,1184,NOTHING
01:00:44,ESX-FUTURE,3110.0,1569,3110.0,1395,NOTHING
01:00:46,ESX-FUTURE,3110.0,1391,3110.0,1573,NOTHING
01:00:47,ESX-FUTURE,3109.0,2413,3109.0,551,NOTHING
01:00:47,ESX-FUTURE,3110.0,1906,3111.0,1058,NOTHING
01:00:48,ESX-FUTURE,3110.0,1602,3111.0,1362,NOTHING
01:00:48,ESX-FUTURE,3110.0,1622,3111.0,1342,NOTHING
01:00:49,ESX-FUTURE,3110.0,1611,3111.0,1353,NOTHING
01:00:49,ESX-FUTURE,3111.0,1597,3111.0,1367,NOTHING
01:00:50,ESX-FUTURE,3111.0,1957,3111.0,1007,NOTHING
01:00:51,ESX-FUTURE,3111.0,2009,3111.0,955,NOTHING
01:00:52,ESX-FUTURE,3111.0,159,3111.0,2805,NOTHING
01:00:53,ESX-FUTURE,3111.0,495,3112.0,2469,NOTHING
01:00:53,ESX-FUTURE,3112.0,2179,3112.0,785,NOTHING
01:00:55,ESX-FUTURE,3111.0,2866,3112.0,98,NOTHING
01:00:55,ESX-FUTURE,3111.0,2226,3112.0,738,NOTHING
01:00:56,ESX-FUTURE,3109.0,1230,3109.0,1734,NOTHING
01:00:57,ESX-FUTURE,3109.0,2387,3109.0,577,NOTHING
01:00:58,ESX-FUTURE,3109.0,2395,3109.0,569,NOTHING
01:00:59,ESX-FUTURE,3109.0,2397,3109.0,567,NOTHING
01:01:00,ESX-FUTURE,3109.0,2332,3109.0,632,NOTHING
01:01:01,ESX-FUTURE,3109.0,2306,3109.0,658,NOTHING
01:01:02,ESX-FUTURE,3109.0,961,3109.0,2003,NOTHING
01:01:04,ESX-FUTURE,3109.0,958,3109.0,2006,NOTHING
01:01:05,ESX-FUTURE,3109.0,1286,3109.0,1678,NOTHING
01:01:06,ESX-FUTURE,3109.0,2034,3109.0,930,NOTHING
01:01:06,ESX-FUTURE,3109.0,1645,3109.0,1319,NOTHING
01:01:07,ESX-FUTURE,3109.0,1643,3109.0,1321,NOTHING
01:01:08,ESX-FUTURE,3109.0,1719,3109.0,1245,NOTHING
01:01:09,ESX-FUTURE,3107.0,1143,3108.0,1821,NOTHING
01:01:10,ESX-FUTURE,3107.0,1414,3108.0,1550,NOTHING
01:01:11,ESX-FUTURE,3108.0,814,3108.0,2150,NOTHING
01:01:13,ESX-FUTURE,3108.0,2949,3108.0,15,NOTHING
01:01:15,ESX-FUTURE,3108.0,2939,3108.0,25,NOTHING
01:01:16,ESX-FUTURE,3108.0,1542,3108.0,1422,NOTHING
01:01:17,ESX-FUTURE,3108.0,113,3108.0,2851,NOTHING
01:01:18,ESX-FUTURE,3108.0,411,3108.0,2553,NOTHING
01:01:19,ESX-FUTURE,3108.0,411,3108.0,2553,NOTHING
01:01:20,ESX-FUTURE,3108.0,2638,3108.0,326,NOTHING
01:01:21,ESX-FUTURE,3108.0,1570,3108.0,1394,NOTHING
01:01:21,ESX-FUTURE,3107.0,2495,3108.0,469,NOTHING
01:01:21,ESX-FUTURE,3109.0,2335,3109.0,629,NOTHING
01:01:22,ESX-FUTURE,3109.0,2246,3109.0,718,NOTHING
01:01:23,ESX-FUTURE,3108.0,912,3109.0,2052,NOTHING
01:01:24,ESX-FUTURE,3108.0,326,3109.0,2638,NOTHING
01:01:26,ESX-FUTURE,3109.0,2463,3109.0,501,NOTHING
01:01:27,ESX-FUTURE,3108.0,1569,3109.0,1395,NOTHING
01:01:28,ESX-FUTURE,3108.0,2589,3108.0,375,NOTHING
01:01:29,ESX-FUTURE,3108.0,1848,3108.0,1116,NOTHING
01:01:30,ESX-FUTURE,3108.0,2708,3108.0,256,NOTHING
01:01:31,ESX-FUTURE,3108.0,2909,3108.0,55,NOTHING
01:01:31,ESX-FUTURE,3108.0,2880,3108.0,84,NOTHING
01:01:32,ESX-FUTURE,3108.0,2363,3109.0,601,NOTHING
01:01:34,ESX-FUTURE,3109.0,2011,3109.0,953,NOTHING
01:01:35,ESX-FUTURE,3109.0,2164,3109.0,800,NOTHING
01:01:37,ESX-FUTURE,3109.0,337,3109.0,2627,NOTHING
01:01:38,ESX-FUTURE,3109.0,2794,3109.0,170,NOTHING
01:01:39,ESX-FUTURE,3109.0,2840,3109.0,124,NOTHING
01:01:40,ESX-FUTURE,3109.0,2845,3109.0,119,NOTHING
01:01:41,ESX-FUTURE,3109.0,2747,3109.0,217,NOTHING
01:01:42,ESX-FUTURE,3108.0,1882,3109.0,1082,NOTHING
01:01:43,ESX-FUTURE,3109.0,558,3109.0,2406,NOTHING
01:01:44,ESX-FUTURE,3109.0,2910,3109.0,54,NOTHING
01:01:45,ESX-FUTURE,3109.0,1465,3109.0,1499,NOTHING
01:01:46,ESX-FUTURE,3109.0,1729,3109.0,1235,NOTHING
01:01:46,ESX-FUTURE,3109.0,1405,3109.0,1559,NOTHING
01:01:47,ESX-FUTURE,3109.0,1853,3109.0,1111,NOTHING
01:01:49,ESX-FUTURE,3109.0,2795,3109.0,169,NOTHING
01:01:49,ESX-FUTURE,3109.0,306,3110.0,2658,NOTHING
01:01:50,ESX-FUTURE,3109.0,720,3109.0,2244,NOTHING
01:01:50,ESX-FUTURE,3109.0,2209,3109.0,755,NOTHING
01:01:51,ESX-FUTURE,3109.0,2210,3109.0,754,NOTHING
01:01:52,ESX-FUTURE,3109.0,1623,3109.0,1341,NOTHING
01:01:53,ESX-FUTURE,3109.0,1172,3109.0,1792,NOTHING
01:01:55,ESX-FUTURE,3108.0,1731,3108.0,1233,NOTHING
01:01:56,ESX-FUTURE,3108.0,1717,3108.0,1247,NOTHING
01:01:57,ESX-FUTURE,3108.0,1898,3108.0,1066,NOTHING
01:01:58,ESX-FUTURE,3108.0,1499,3108.0,1465,NOTHING
01:01:58,ESX-FUTURE,3108.0,1515,3108.0,1449,NOTHING
01:01:59,ESX-FUTURE,3107.0,204,3108.0,2760,NOTHING
01:02:00,ESX-FUTURE,3107.0,241,3108.0,2723,NOTHING
01:02:02,ESX-FUTURE,3107.0,257,3108.0,2707,NOTHING
01:02:03,ESX-FUTURE,3107.0,1602,3108.0,1362,NOTHING
01:02:04,ESX-FUTURE,3106.0,2409,3106.0,555,NOTHING
01:02:05,ESX-FUTURE,3106.0,2673,3106.0,291,NOTHING
01:02:06,ESX-FUTURE,3106.0,2620,3106.0,344,NOTHING
01:02:08,ESX-FUTURE,3106.0,721,3106.0,2243,NOTHING
01:02:10,ESX-FUTURE,3106.0,910,3106.0,2054,NOTHING
01:02:11,ESX-FUTURE,3105.0,986,3105.0,1978,NOTHING
01:02:12,ESX-FUTURE,3106.0,782,3106.0,2182,NOTHING
01:02:12,ESX-FUTURE,3106.0,855,3106.0,2109,NOTHING
01:02:13,ESX-FUTURE,3105.0,2386,3106.0,578,NOTHING
01:02:14,ESX-FUTURE,3106.0,442,3106.0,2522,NOTHING
01:02:15,ESX-FUTURE,3106.0,654,3106.0,2310,NOTHING
01:02:16,ESX-FUTURE,3105.0,2334,3106.0,630,NOTHING
01:02:17,ESX-FUTURE,3106.0,520,3106.0,2444,NOTHING
01:02:19,ESX-FUTURE,3106.0,97,3107.0,2867,NOTHING
01:02:20,ESX-FUTURE,3106.0,2735,3106.0,229,NOTHING
01:02:20,ESX-FUTURE,3106.0,2710,3106.0,254,NOTHING
01:02:21,ESX-FUTURE,3106.0,2076,3106.0,888,NOTHING
01:02:22,ESX-FUTURE,3107.0,2309,3107.0,655,NOTHING
01:02:22,ESX-FUTURE,3107.0,114,3107.0,2850,NOTHING
01:02:23,ESX-FUTURE,3107.0,1693,3107.0,1271,NOTHING
01:02:24,ESX-FUTURE,3107.0,779,3107.0,2185,NOTHING
01:02:26,ESX-FUTURE,3107.0,538,3107.0,2426,NOTHING
01:02:27,ESX-FUTURE,3107.0,546,3107.0,2418,NOTHING
01:02:29,ESX-FUTURE,3107.0,2554,3107.0,410,NOTHING
01:02:31,ESX-FUTURE,3107.0,1646,3107.0,1318,NOTHING
01:02:32,ESX-FUTURE,3107.0,1596,3107.0,1368,NOTHING
01:02:33,ESX-FUTURE,3107.0,775,3107.0,2189,NOTHING
01:02:34,ESX-FUTURE,3107.0,2915,3108.0,49,NOTHING
01:02:35,ESX-FUTURE,3109.0,482,3110.0,2482,NOTHING
01:02:36,ESX-FUTURE,3109.0,2313,3109.0,651,NOTHING
01:02:38,ESX-FUTURE,3109.0,1784,3109.0,1180,NOTHING
01:02:39,ESX-FUTURE,3109.0,1690,3109.0,1274,NOTHING
01:02:40,ESX-FUTURE,3109.0,1990,3109.0,974,NOTHING
01:02:40,ESX-FUTURE,3109.0,2145,3109.0,819,NOTHING
01:02:41,ESX-FUTURE,3109.0,150,3110.0,2814,NOTHING
01:02:43,ESX-FUTURE,3109.0,1469,3109.0,1495,NOTHING
01:02:44,ESX-FUTURE,3109.0,562,3109.0,2402,NOTHING
01:02:45,ESX-FUTURE,3109.0,304,3109.0,2660,NOTHING
01:02:46,ESX-FUTURE,3110.0,1285,3110.0,1679,NOTHING
01:02:46,ESX-FUTURE,3110.0,2032,3110.0,932,NOTHING
01:02:47,ESX-FUTURE,3110.0,279,3110.0,2685,NOTHING
01:02:47,ESX-FUTURE,3109.0,1689,3110.0,1275,NOTHING
01:02:48,ESX-FUTURE,3109.0,654,3110.0,2310,NOTHING
01:02:50,ESX-FUTURE,3109.0,2230,3109.0,734,NOTHING
01:02:52,ESX-FUTURE,3109.0,1773,3109.0,1191,NOTHING
01:02:53,ESX-FUTURE,3109.0,2054,3109.0,910,NOTHING
01:02:55,ESX-FUTURE,3109.0,160,3109.0,2804,NOTHING
01:02:56,ESX-FUTURE,3109.0,149,3109.0,2815,NOTHING
01:02:58,ESX-FUTURE,3109.0,857,3109.0,2107,NOTHING
01:02:58,ESX-FUTURE,3109.0,2325,3109.0,639,NOTHING
01:02:59,ESX-FUTURE,3109.0,2752,3109.0,212,NOTHING
01:03:00,ESX-FUTURE,3109.0,1036,3109.0,1928,NOTHING
01:03:00,ESX-FUTURE,3109.0,509,3109.0,2455,NOTHING
01:03:01,ESX-FUTURE,3108.0,2881,3109.0,83,NOTHING
01:03:03,ESX-FUTURE,3109.0,1581,3110.0,1383,NOTHING
01:03:05,ESX-FUTURE,3109.0,1602,3110.0,1362,NOTHING
01:03:07,ESX-FUTURE,3110.0,822,3110.0,2142,NOTHING
01:03:08,ESX-FUTURE,3110.0,1862,3110.0,1102,NOTHING
01:03:08,ESX-FUTURE,3110.0,582,3110.0,2382,NOTHING
01:03:09,ESX-FUTURE,3110.0,128,3110.0,2836,NOTHING
01:03:10,ESX-FUTURE,3110.0,1730,3110.0,1234,NOTHING
01:03:11,ESX-FUTURE,3110.0,2407,3110.0,557,NOTHING
01:03:12,ESX-FUTURE,3110.0,1401,3110.0,1563,NOTHING
01:03:12,ESX-FUTURE,3110.0,1313,3110.0,1651,NOTHING
01:03:12,ESX-FUTURE,3110.0,1342,3110.0,1622,NOTHING
01:03:14,ESX-FUTURE,3110.0,601,3110.0,2363,NOTHING
01:03:15,ESX-FUTURE,3110.0,987,3110.0,1977,NOTHING
01:03:16,ESX-FUTURE,3111.0,30,3111.0,2934,NOTHING
01:03:17,ESX-FUTURE,3111.0,2912,3111.0,52,NOTHING
01:03:17,ESX-FUTURE,3111.0,318,3112.0,2646,NOTHING
01:03:19,ESX-FUTURE,3111.0,303,3112.0,2661,NOTHING
01:03:20,ESX-FUTURE,3111.0,2850,3111.0,114,NOTHING
01:03:21,ESX-FUTURE,3107.0,2607,3107.0,357,NOTHING
01:03:22,ESX-FUTURE,3107.0,2623,3107.0,341,NOTHING
01:03:23,ESX-FUTURE,3107.0,1918,3107.0,1046,NOTHING
01:03:24,ESX-FUTURE,3107.0,1500,3107.0,1464,NOTHING
01:03:26,ESX-FUTURE,3106.0,1394,3106.0,1570,NOTHING
01:03:27,ESX-FUTURE,3106.0,2935,3106.0,29,NOTHING
01:03:28,ESX-FUTURE,3105.0,2513,3105.0,451,NOTHING
01:03:28,ESX-FUTURE,3105.0,1976,3106.0,988,NOTHING
01:03:29,ESX-FUTURE,3106.0,2858,3106.0,106,NOTHING
01:03:31,ESX-FUTURE,3106.0,49,3106.0,2915,NOTHING
01:03:31,ESX-FUTURE,3106.0,60,3106.0,2904,NOTHING
01:03:32,ESX-FUTURE,3107.0,895,3107.0,2069,NOTHING
01:03:33,ESX-FUTURE,3106.0,2963,3107.0,2,NOTHING
01:03:33,ESX-FUTURE,3106.0,2963,3107.0,2,NOTHING
01:03:35,ESX-FUTURE,3106.0,723,3107.0,2242,NOTHING
01:03:36,ESX-FUTURE,3106.0,1784,3106.0,1181,NOTHING
01:03:37,ESX-FUTURE,3105.0,1806,3105.0,1159,NOTHING
01:03:39,ESX-FUTURE,3105.0,730,3105.0,2235,NOTHING
01:03:41,ESX-FUTURE,3105.0,370,3105.0,2595,NOTHING
01:03:42,ESX-FUTURE,3106.0,1153,3106.0,1812,NOTHING
01:03:43,ESX-FUTURE,3107.0,734,3107.0,2231,NOTHING
01:03:44,ESX-FUTURE,3110.0,1424,3110.0,1541,NOTHING
01:03:45,ESX-FUTURE,3110.0,556,3110.0,2409,NOTHING
01:03:46,ESX-FUTURE,3110.0,2294,3110.0,671,NOTHING
01:03:47,ESX-FUTURE,3110.0,2463,3110.0,502,NOTHING
01:03:48,ESX-FUTURE,3111.0,250,3111.0,2715,NOTHING
01:03:50,ESX-FUTURE,3111.0,962,3111.0,2003,NOTHING
01:03:51,ESX-FUTURE,3111.0,1333,3111.0,1632,NOTHING
01:03:52,ESX-FUTURE,3110.0,1584,3111.0,1381,NOTHING
01:03:53,ESX-FUTURE,3110.0,1699,3111.0,1266,NOTHING
01:03:53,ESX-FUTURE,3110.0,1670,3111.0,1295,NOTHING
01:03:55,ESX-FUTURE,3110.0,2532,3111.0,433,NOTHING
01:03:56,ESX-FUTURE,3110.0,1790,3111.0,1175,NOTHING
01:03:56,ESX-FUTURE,3110.0,2027,3110.0,938,NOTHING
01:03:58,ESX-FUTURE,3109.0,1881,3110.0,1084,NOTHING
01:04:00,ESX-FUTURE,3109.0,1828,3110.0,1137,NOTHING
01:04:00,ESX-FUTURE,3109.0,1740,3110.0,1225,NOTHING
01:04:01,ESX-FUTURE,3109.0,1735,3110.0,1230,NOTHING
01:04:02,ESX-FUTURE,3112.0,2813,3113.0,152,NOTHING
01:04:03,ESX-FUTURE,3112.0,1398,3113.0,1567,NOTHING
01:04:05,ESX-FUTURE,3111.0,2611,3111.0,354,NOTHING
01:04:06,ESX-FUTURE,3111.0,778,3111.0,2187,NOTHING
01:04:07,ESX-FUTURE,3108.0,1601,3108.0,1364,NOTHING
01:04:08,ESX-FUTURE,3108.0,2888,3108.0,77,NOTHING
01:04:10,ESX-FUTURE,3108.0,1419,3108.0,1546,NOTHING
01:04:11,ESX-FUTURE,3108.0,1762,3108.0,1203,NOTHING
01:04:11,ESX-FUTURE,3108.0,1840,3108.0,1125,NOTHING
01:04:13,ESX-FUTURE,3108.0,1596,3108.0,1369,NOTHING
01:04:14,ESX-FUTURE,3107.0,2090,3108.0,875,NOTHING
01:04:16,ESX-FUTURE,3107.0,1837,3107.0,1128,NOTHING
01:04:17,ESX-FUTURE,3107.0,1965,3108.0,1000,NOTHING
01:04:18,ESX-FUTURE,3107.0,2655,3107.0,310,NOTHING
01:04:18,ESX-FUTURE,3107.0,2478,3107.0,487,NOTHING
01:04:19,ESX-FUTURE,3106.0,685,3106.0,2280,NOTHING
01:04:21,ESX-FUTURE,3103.0,2790,3104.0,175,NOTHING
01:04:22,ESX-FUTURE,3103.0,2722,3103.0,243,NOTHING
01:04:23,ESX-FUTURE,3103.0,1952,3103.0,1013,NOTHING
01:04:23,ESX-FUTURE,3103.0,1952,3103.0,1013,NOTHING
01:04:24,ESX-FUTURE,3103.0,45,3103.0,2920,NOTHING
01:04:24,ESX-FUTURE,3103.0,2550,3103.0,415,NOTHING
01:04:26,ESX-FUTURE,3103.0,2080,3103.0,885,NOTHING
01:04:28,ESX-FUTURE,3103.0,2046,3103.0,919,NOTHING
01:04:29,ESX-FUTURE,3103.0,2163,3103.0,802,NOTHING
01:04:30,ESX-FUTURE,3103.0,2786,3103.0,179,NOTHING
01:04:30,ESX-FUTURE,3102.0,1547,3103.0,1418,NOTHING
01:04:31,ESX-FUTURE,3102.0,1263,3102.0,1702,NOTHING
01:04:32,ESX-FUTURE,3102.0,2014,3102.0,951,NOTHING
01:04:32,ESX-FUTURE,3102.0,1766,3102.0,1199,NOTHING
01:04:34,ESX-FUTURE,3102.0,920,3103.0,2045,NOTHING
01:04:35,ESX-FUTURE,3102.0,892,3103.0,2073,NOTHING
01:04:36,ESX-FUTURE,3102.0,2776,3103.0,189,NOTHING
01:04:36,ESX-FUTURE,3102.0,643,3103.0,2322,NOTHING
01:04:37,ESX-FUTURE,3102.0,633,3103.0,2332,NOTHING
01:04:38,ESX-FUTURE,3102.0,2281,3102.0,684,NOTHING
01:04:39,ESX-FUTURE,3102.0,1868,3102.0,1097,NOTHING
01:04:40,ESX-FUTURE,3103.0,2942,3103.0,23,NOTHING
01:04:41,ESX-FUTURE,3103.0,595,3104.0,2370,NOTHING
01:04:43,ESX-FUTURE,3103.0,366,3104.0,2599,NOTHING
01:04:44,ESX-FUTURE,3103.0,423,3104.0,2542,NOTHING
01:04:44,ESX-FUTURE,3103.0,155,3104.0,2810,NOTHING
01:04:44,ESX-FUTURE,3103.0,443,3104.0,2522,NOTHING
01:04:45,ESX-FUTURE,3103.0,996,3104.0,1969,NOTHING
01:04:46,ESX-FUTURE,3101.0,822,3101.0,2143,NOTHING
01:04:47,ESX-FUTURE,3100.0,702,3100.0,2263,NOTHING
01:04:49,ESX-FUTURE,3099.0,2723,3100.0,242,NOTHING
01:04:50,ESX-FUTURE,3100.0,2774,3100.0,191,NOTHING
01:04:51,ESX-FUTURE,3100.0,2876,3100.0,89,NOTHING
01:04:51,ESX-FUTURE,3100.0,1931,3101.0,1034,NOTHING
01:04:51,ESX-FUTURE,3101.0,2741,3101.0,224,NOTHING
01:04:52,ESX-FUTURE,3101.0,1030,3101.0,1935,NOTHING
01:04:53,ESX-FUTURE,3101.0,1504,3101.0,1461,NOTHING
01:04:54,ESX-FUTURE,3101.0,1407,3101.0,1558,NOTHING
01:04:55,ESX-FUTURE,3101.0,1115,3101.0,1850,NOTHING
01:04:57,ESX-FUTURE,3100.0,2766,3101.0,199,NOTHING
01:04:58,ESX-FUTURE,3100.0,2106,3100.0,859,NOTHING
01:04:59,ESX-FUTURE,3100.0,2381,3100.0,584,NOTHING
01:05:00,ESX-FUTURE,3100.0,1841,3100.0,1124,BUY
01:05:01,ESX-FUTURE,3100.0,442,3100.0,2523,BUY
01:05:02,ESX-FUTURE,3098.0,2889,3098.0,76,BUY
01:05:02,ESX-FUTURE,3098.0,488,3099.0,2477,BUY
01:05:04,ESX-FUTURE,3099.0,1138,3099.0,1827,BUY
01:05:05,ESX-FUTURE,3099.0,804,3099.0,2161,BUY
01:05:07,ESX-FUTURE,3099.0,924,3099.0,2041,BUY
01:05:08,ESX-FUTURE,3099.0,372,3099.0,2593,BUY
01:05:08,ESX-FUTURE,3098.0,173,3099.0,2792,BUY
01:05:10,ESX-FUTURE,3098.0,116,3099.0,2849,BUY
01:05:11,ESX-FUTURE,3098.0,2031,3098.0,934,BUY
01:05:12,ESX-FUTURE,3098.0,2028,3098.0,937,BUY
01:05:12,ESX-FUTURE,3098.0,2187,3098.0,778,BUY
01:05:13,ESX-FUTURE,3098.0,1091,3098.0,1874,BUY
01:05:15,ESX-FUTURE,3098.0,1162,3098.0,1803,BUY
01:05:15,ESX-FUTURE,3098.0,888,3098.0,2077,BUY
01:05:16,ESX-FUTURE,3098.0,1223,3098.0,1742,BUY
01:05:18,ESX-FUTURE,3097.0,1635,3097.0,1330,BUY
01:05:19,ESX-FUTURE,3097.0,133,3097.0,2832,BUY
01:05:20,ESX-FUTURE,3096.0,1174,3097.0,1791,BUY
01:05:20,ESX-FUTURE,3096.0,975,3096.0,1990,BUY
01:05:21,ESX-FUTURE,3096.0,852,3096.0,2113,BUY
01:05:21,ESX-FUTURE,3096.0,2394,3096.0,571,BUY
01:05:22,ESX-FUTURE,3096.0,1269,3096.0,1696,BUY
01:05:22,ESX-FUTURE,3096.0,2449,3096.0,516,BUY
01:05:22,ESX-FUTURE,3096.0,1867,3096.0,1098,BUY
01:05:24,ESX-FUTURE,3096.0,1901,3096.0,1064,BUY
01:05:25,ESX-FUTURE,3096.0,1029,3096.0,1936,BUY
01:05:26,ESX-FUTURE,3096.0,374,3096.0,2591,BUY
01:05:26,ESX-FUTURE,3096.0,1778,3096.0,1187,BUY
01:05:27,ESX-FUTURE,3096.0,1709,3096.0,1256,BUY
01:05:29,ESX-FUTURE,3096.0,1959,3096.0,1006,BUY
01:05:30,ESX-FUTURE,3096.0,90,3097.0,2875,BUY
01:05:30,ESX-FUTURE,3096.0,763,3097.0,2202,BUY
01:05:31,ESX-FUTURE,3096.0,1711,3097.0,1254,BUY
01:05:32,ESX-FUTURE,3095.0,1893,3095.0,1072,BUY
01:05:33,ESX-FUTURE,3095.0,149,3095.0,2816,BUY
01:05:34,ESX-FUTURE,3094.0,2343,3095.0,622,BUY
01:05:35,ESX-FUTURE,3095.0,1314,3095.0,1651,BUY
01:05:36,ESX-FUTURE,3095.0,701,3095.0,2264,BUY
01:05:37,ESX-FUTURE,3095.0,48,3095.0,2917,BUY
01:05:38,ESX-FUTURE,3095.0,1097,3096.0,1868,BUY
01:05:39,ESX-FUTURE,3095.0,554,3096.0,2411,BUY
01:05:41,ESX-FUTURE,3095.0,931,3096.0,2034,BUY
01:05:41,ESX-FUTURE,3096.0,616,3096.0,2349,BUY
01:05:42,ESX-FUTURE,3096.0,443,3096.0,2522,BUY
01:05:42,ESX-FUTURE,3096.0,2956,3096.0,9,BUY
01:05:43,ESX-FUTURE,3096.0,546,3096.0,2419,BUY
01:05:44,ESX-FUTURE,3097.0,280,3097.0,2685,BUY
01:05:46,ESX-FUTURE,3097.0,1728,3097.0,1237,BUY
01:05:47,ESX-FUTURE,3096.0,2185,3097.0,780,BUY
01:05:47,ESX-FUTURE,3096.0,2151,3097.0,814,BUY
01:05:48,ESX-FUTURE,3096.0,2670,3096.0,295,BUY
01:05:49,ESX-FUTURE,3096.0,729,3097.0,2236,BUY
01:05:50,ESX-FUTURE,3096.0,637,3097.0,2328,BUY
01:05:51,ESX-FUTURE,3096.0,540,3097.0,2425,BUY
01:05:52,ESX-FUTURE,3096.0,378,3097.0,2587,BUY
01:05:53,ESX-FUTURE,3096.0,286,3097.0,2679,BUY
01:05:55,ESX-FUTURE,3096.0,116,3097.0,2849,BUY
01:05:56,ESX-FUTURE,3097.0,725,3097.0,2240,BUY
01:05:57,ESX-FUTURE,3096.0,1127,3097.0,1838,BUY
01:05:57,ESX-FUTURE,3096.0,1379,3097.0,1586,BUY
01:05:59,ESX-FUTURE,3096.0,1914,3097.0,1051,BUY
01:06:00,ESX-FUTURE,3096.0,2226,3097.0,739,NOTHING
01:06:01,ESX-FUTURE,3097.0,1476,3097.0,1489,NOTHING
01:06:02,ESX-FUTURE,3097.0,1468,3097.0,1497,NOTHING
01:06:03,ESX-FUTURE,3096.0,2481,3097.0,484,NOTHING
01:06:05,ESX-FUTURE,3097.0,654,3097.0,2311,NOTHING
01:06:06,ESX-FUTURE,3097.0,153,3097.0,2812,NOTHING
01:06:07,ESX-FUTURE,3097.0,127,3097.0,2838,NOTHING
01:06:08,ESX-FUTURE,3098.0,1523,3099.0,1442,NOTHING
01:06:09,ESX-FUTURE,3098.0,1359,3099.0,1606,NOTHING
01:06:10,ESX-FUTURE,3098.0,1323,3099.0,1642,NOTHING
01:06:12,ESX-FUTURE,3098.0,2851,3098.0,114,NOTHING
01:06:13,ESX-FUTURE,3098.0,259,3099.0,2706,NOTHING
01:06:15,ESX-FUTURE,3098.0,201,3099.0,2764,NOTHING
01:06:16,ESX-FUTURE,3100.0,1191,3100.0,1774,NOTHING
01:06:16,ESX-FUTURE,3100.0,1007,3100.0,1958,NOTHING
01:06:18,ESX-FUTURE,3100.0,940,3100.0,2025,NOTHING
01:06:19,ESX-FUTURE,3099.0,2662,3100.0,303,NOTHING
01:06:19,ESX-FUTURE,3100.0,1716,3100.0,1249,NOTHING
01:06:20,ESX-FUTURE,3100.0,1117,3100.0,1848,NOTHING
01:06:21,ESX-FUTURE,3100.0,1348,3100.0,1617,NOTHING
01:06:22,ESX-FUTURE,3100.0,2659,3100.0,306,NOTHING
01:06:23,ESX-FUTURE,3100.0,881,3100.0,2084,NOTHING
01:06:24,ESX-FUTURE,3100.0,893,3100.0,2072,NOTHING
01:06:24,ESX-FUTURE,3100.0,1859,3100.0,1106,NOTHING
01:06:25,ESX-FUTURE,3100.0,821,3100.0,2144,NOTHING
01:06:26,ESX-FUTURE,3100.0,1129,3100.0,1836,NOTHING
01:06:27,ESX-FUTURE,3100.0,2115,3100.0,850,NOTHING
01:06:28,ESX-FUTURE,3100.0,79,3100.0,2886,NOTHING
01:06:29,ESX-FUTURE,3100.0,275,3100.0,2690,NOTHING
01:06:31,ESX-FUTURE,3100.0,158,3100.0,2807,NOTHING
01:06:33,ESX-FUTURE,3100.0,154,3100.0,2811,NOTHING
01:06:34,ESX-FUTURE,3100.0,37,3100.0,2928,NOTHING
01:06:35,ESX-FUTURE,3100.0,2807,3100.0,158,NOTHING
01:06:36,ESX-FUTURE,3099.0,1229,3099.0,1736,NOTHING
01:06:37,ESX-FUTURE,3099.0,558,3099.0,2407,NOTHING
01:06:37,ESX-FUTURE,3101.0,613,3101.0,2352,NOTHING
01:06:39,ESX-FUTURE,3101.0,1739,3101.0,1226,NOTHING
01:06:39,ESX-FUTURE,3101.0,1813,3101.0,1152,NOTHING
01:06:41,ESX-FUTURE,3101.0,1230,3102.0,1735,NOTHING
01:06:41,ESX-FUTURE,3101.0,678,3102.0,2287,NOTHING
01:06:43,ESX-FUTURE,3101.0,2741,3101.0,224,NOTHING
01:06:44,ESX-FUTURE,3100.0,2884,3101.0,81,NOTHING
01:06:46,ESX-FUTURE,3100.0,1681,3101.0,1284,NOTHING
01:06:47,ESX-FUTURE,3100.0,982,3101.0,1983,NOTHING
01:06:48,ESX-FUTURE,3100.0,1136,3100.0,1829,NOTHING
01:06:49,ESX-FUTURE,3100.0,2454,3100.0,511,NOTHING
01:06:49,ESX-FUTURE,3100.0,2455,3100.0,510,NOTHING
01:06:49,ESX-FUTURE,3100.0,1241,3100.0,1724,NOTHING
01:06:51,ESX-FUTURE,3100.0,983,3100.0,1982,NOTHING
01:06:52,ESX-FUTURE,3100.0,520,3101.0,2445,NOTHING
01:06:53,ESX-FUTURE,3100.0,2054,3100.0,911,NOTHING
01:06:55,ESX-FUTURE,3100.0,1880,3100.0,1085,NOTHING
01:06:55,ESX-FUTURE,3102.0,2201,3102.0,764,NOTHING
01:06:56,ESX-FUTURE,3104.0,1400,3104.0,1565,NOTHING
01:06:57,ESX-FUTURE,3104.0,746,3105.0,2219,NOTHING
01:06:58,ESX-FUTURE,3104.0,1825,3104.0,1140,NOTHING
01:06:58,ESX-FUTURE,3106.0,593,3106.0,2372,NOTHING
01:06:59,ESX-FUTURE,3106.0,637,3106.0,2328,NOTHING
01:07:01,ESX-FUTURE,3106.0,641,3106.0,2324,NOTHING
01:07:02,ESX-FUTURE,3106.0,1123,3106.0,1842,NOTHING
01:07:03,ESX-FUTURE,3105.0,2458,3106.0,507,NOTHING
01:07:04,ESX-FUTURE,3105.0,2673,3106.0,292,NOTHING
01:07:05,ESX-FUTURE,3105.0,2880,3105.0,85,NOTHING
01:07:06,ESX-FUTURE,3105.0,943,3105.0,2022,NOTHING
01:07:07,ESX-FUTURE,3105.0,957,3105.0,2008,NOTHING
01:07:09,ESX-FUTURE,3105.0,1045,3105.0,1920,NOTHING
01:07:10,ESX-FUTURE,3106.0,2921,3107.0,44,NOTHING
01:07:11,ESX-FUTURE,3107.0,96,3107.0,2869,NOTHING
01:07:13,ESX-FUTURE,3107.0,342,3107.0,2623,NOTHING
01:07:14,ESX-FUTURE,3107.0,2512,3107.0,453,NOTHING
01:07:16,ESX-FUTURE,3107.0,775,3107.0,2190,NOTHING
01:07:17,ESX-FUTURE,3106.0,2300,3107.0,665,NOTHING
01:07:18,ESX-FUTURE,3109.0,366,3110.0,2599,NOTHING
01:07:19,ESX-FUTURE,3109.0,366,3110.0,2599,NOTHING
01:07:20,ESX-FUTURE,3109.0,1684,3109.0,1281,NOTHING
01:07:21,ESX-FUTURE,3109.0,1128,3109.0,1837,NOTHING
01:07:22,ESX-FUTURE,3109.0,892,3109.0,2073,NOTHING
01:07:23,ESX-FUTURE,3109.0,761,3109.0,2204,NOTHING
01:07:25,ESX-FUTURE,3109.0,2301,3109.0,664,NOTHING
01:07:26,ESX-FUTURE,3109.0,1876,3109.0,1089,NOTHING
01:07:26,ESX-FUTURE,3108.0,2925,3108.0,40,NOTHING
01:07:28,ESX-FUTURE,3108.0,337,3108.0,2628,NOTHING
01:07:29,ESX-FUTURE,3108.0,1750,3108.0,1215,NOTHING
01:07:30,ESX-FUTURE,3107.0,1796,3107.0,1169,NOTHING
01:07:30,ESX-FUTURE,3107.0,1462,3107.0,1503,NOTHING
01:07:32,ESX-FUTURE,3107.0,1506,3107.0,1459,NOTHING
01:07:32,ESX-FUTURE,3106.0,2015,3107.0,950,NOTHING
01:07:33,ESX-FUTURE,3106.0,64,3106.0,2901,NOTHING
01:07:34,ESX-FUTURE,3104.0,244,3104.0,2721,NOTHING
01:07:34,ESX-FUTURE,3104.0,188,3104.0,2777,NOTHING
01:07:35,ESX-FUTURE,3104.0,143,3104.0,2822,NOTHING
01:07:37,ESX-FUTURE,3103.0,675,3103.0,2290,NOTHING
01:07:38,ESX-FUTURE,3103.0,694,3103.0,2271,NOTHING
01:07:39,ESX-FUTURE,3103.0,1931,3103.0,1034,NOTHING
01:07:40,ESX-FUTURE,3103.0,483,3104.0,2482,NOTHING
01:07:42,ESX-FUTURE,3102.0,2601,3102.0,364,NOTHING
01:07:43,ESX-FUTURE,3102.0,2737,3102.0,228,NOTHING
01:07:45,ESX-FUTURE,3102.0,1982,3102.0,983,NOTHING
01:07:45,ESX-FUTURE,3102.0,1343,3102.0,1622,NOTHING
01:07:46,ESX-FUTURE,3102.0,2399,3102.0,566,NOTHING
01:07:46,ESX-FUTURE,3102.0,641,3103.0,2324,NOTHING
01:07:47,ESX-FUTURE,3102.0,1961,3102.0,1004,NOTHING
01:07:47,ESX-FUTURE,3102.0,1953,3102.0,1012,NOTHING
01:07:48,ESX-FUTURE,3102.0,680,3102.0,2285,NOTHING
01:07:48,ESX-FUTURE,3102.0,1529,3103.0,1436,NOTHING
01:07:49,ESX-FUTURE,3102.0,669,3103.0,2296,NOTHING
01:07:51,ESX-FUTURE,3103.0,2441,3103.0,524,NOTHING
01:07:52,ESX-FUTURE,3103.0,2825,3103.0,140,NOTHING
01:07:53,ESX-FUTURE,3103.0,481,3103.0,2484,NOTHING
01:07:54,ESX-FUTURE,3103.0,479,3103.0,2486,NOTHING
01:07:56,ESX-FUTURE,3103.0,274,3103.0,2691,NOTHING
01:07:56,ESX-FUTURE,3103.0,2797,3103.0,168,NOTHING
01:07:57,ESX-FUTURE,3101.0,562,3101.0,2403,NOTHING
01:07:58,ESX-FUTURE,3101.0,559,3101.0,2406,NOTHING
01:08:00,ESX-FUTURE,3101.0,1768,3101.0,1197,NOTHING
01:08:01,ESX-FUTURE,3101.0,1188,3102.0,1777,NOTHING
01:08:01,ESX-FUTURE,3101.0,1388,3102.0,1577,NOTHING
01:08:02,ESX-FUTURE,3101.0,749,3102.0,2216,NOTHING
01:08:03,ESX-FUTURE,3101.0,1818,3101.0,1147,NOTHING
01:08:04,ESX-FUTURE,3101.0,644,3101.0,2321,NOTHING
01:08:04,ESX-FUTURE,3101.0,643,3101.0,2322,NOTHING
01:08:06,ESX-FUTURE,3101.0,2554,3101.0,411,NOTHING
01:08:07,ESX-FUTURE,3101.0,1550,3101.0,1415,NOTHING
01:08:08,ESX-FUTURE,3101.0,323,3101.0,2642,NOTHING
01:08:10,ESX-FUTURE,3101.0,460,3101.0,2505,NOTHING
01:08:10,ESX-FUTURE,3101.0,397,3101.0,2568,NOTHING
01:08:12,ESX-FUTURE,3101.0,984,3101.0,1981,NOTHING
01:08:13,ESX-FUTURE,3101.0,630,3101.0,2335,NOTHING
01:08:15,ESX-FUTURE,3101.0,657,3101.0,2308,NOTHING
01:08:17,ESX-FUTURE,3104.0,1766,3104.0,1199,NOTHING
01:08:18,ESX-FUTURE,3105.0,2708,3105.0,257,NOTHING
01:08:19,ESX-FUTURE,3105.0,1278,3105.0,1687,NOTHING
01:08:21,ESX-FUTURE,3105.0,1310,3105.0,1655,NOTHING
01:08:22,ESX-FUTURE,3105.0,254,3105.0,2711,NOTHING
01:08:23,ESX-FUTURE,3105.0,2624,3105.0,341,NOTHING
01:08:23,ESX-FUTURE,3104.0,2909,3104.0,56,NOTHING
01:08:25,ESX-FUTURE,3104.0,367,3104.0,2598,NOTHING
01:08:27,ESX-FUTURE,3104.0,1274,3104.0,1691,NOTHING
01:08:28,ESX-FUTURE,3104.0,2526,3104.0,439,NOTHING
01:08:29,ESX-FUTURE,3104.0,2245,3104.0,720,NOTHING
01:08:29,ESX-FUTURE,3104.0,735,3104.0,2230,NOTHING
01:08:29,ESX-FUTURE,3104.0,392,3104.0,2573,NOTHING
01:08:31,ESX-FUTURE,3104.0,777,3104.0,2188,NOTHING
01:08:32,ESX-FUTURE,3104.0,1548,3104.0,1417,NOTHING
01:08:34,ESX-FUTURE,3103.0,570,3104.0,2395,NOTHING
01:08:36,ESX-FUTURE,3103.0,554,3104.0,2411,NOTHING
01:08:37,ESX-FUTURE,3103.0,491,3104.0,2474,NOTHING
01:08:38,ESX-FUTURE,3103.0,570,3104.0,2395,NOTHING
01:08:39,ESX-FUTURE,3103.0,680,3104.0,2285,NOTHING
01:08:39,ESX-FUTURE,3103.0,780,3104.0,2185,NOTHING
01:08:40,ESX-FUTURE,3103.0,1180,3104.0,1785,NOTHING
01:08:42,ESX-FUTURE,3103.0,1981,3104.0,984,NOTHING
01:08:42,ESX-FUTURE,3103.0,660,3104.0,2305,NOTHING
01:08:43,ESX-FUTURE,3103.0,61,3104.0,2904,NOTHING
01:08:44,ESX-FUTURE,3105.0,1467,3105.0,1498,NOTHING
01:08:45,ESX-FUTURE,3105.0,2609,3105.0,356,NOTHING
01:08:45,ESX-FUTURE,3105.0,2385,3105.0,580,NOTHING
01:08:45,ESX-FUTURE,3106.0,948,3106.0,2017,NOTHING
01:08:46,ESX-FUTURE,3106.0,1109,3106.0,1856,NOTHING
01:08:48,ESX-FUTURE,3106.0,670,3106.0,2295,NOTHING
01:08:48,ESX-FUTURE,3106.0,652,3106.0,2313,NOTHING
01:08:49,ESX-FUTURE,3106.0,643,3106.0,2322,NOTHING
01:08:50,ESX-FUTURE,3106.0,2573,3106.0,392,NOTHING
01:08:51,ESX-FUTURE,3106.0,1884,3106.0,1081,NOTHING
01:08:52,ESX-FUTURE,3106.0,2232,3106.0,733,NOTHING
01:08:53,ESX-FUTURE,3106.0,609,3106.0,2356,NOTHING
01:08:54,ESX-FUTURE,3106.0,2492,3106.0,473,NOTHING
01:08:54,ESX-FUTURE,3106.0,1120,3106.0,1845,NOTHING
01:08:57,ESX-FUTURE,3105.0,2581,3105.0,384,NOTHING
01:08:57,ESX-FUTURE,3107.0,1937,3107.0,1028,NOTHING
01:08:58,ESX-FUTURE,3107.0,133,3108.0,2832,NOTHING
01:08:59,ESX-FUTURE,3107.0,358,3108.0,2607,NOTHING
01:09:01,ESX-FUTURE,3107.0,2855,3108.0,110,NOTHING
01:09:02,ESX-FUTURE,3108.0,106,3108.0,2859,NOTHING
01:09:03,ESX-FUTURE,3108.0,1971,3108.0,994,NOTHING
01:09:03,ESX-FUTURE,3108.0,1944,3108.0,1021,NOTHING
01:09:04,ESX-FUTURE,3108.0,1611,3108.0,1354,NOTHING
01:09:05,ESX-FUTURE,3107.0,2666,3108.0,299,NOTHING
01:09:05,ESX-FUTURE,3107.0,2959,3108.0,6,NOTHING
01:09:05,ESX-FUTURE,3108.0,1393,3108.0,1572,NOTHING
01:09:07,ESX-FUTURE,3106.0,1490,3106.0,1475,NOTHING
01:09:08,ESX-FUTURE,3106.0,1515,3106.0,1450,NOTHING
01:09:09,ESX-FUTURE,3106.0,1618,3106.0,1347,NOTHING
01:09:10,ESX-FUTURE,3105.0,2490,3106.0,475,NOTHING
01:09:12,ESX-FUTURE,3105.0,2384,3106.0,581,NOTHING
01:09:13,ESX-FUTURE,3105.0,1701,3106.0,1264,NOTHING
01:09:13,ESX-FUTURE,3105.0,1696,3106.0,1269,NOTHING
01:09:14,ESX-FUTURE,3105.0,1513,3106.0,1452,NOTHING
01:09:15,ESX-FUTURE,3106.0,2761,3106.0,204,NOTHING
01:09:17,ESX-FUTURE,3106.0,406,3106.0,2559,NOTHING
01:09:17,ESX-FUTURE,3106.0,1654,3106.0,1311,NOTHING
01:09:18,ESX-FUTURE,3107.0,1234,3107.0,1731,NOTHING
01:09:19,ESX-FUTURE,3107.0,2012,3107.0,953,NOTHING
01:09:20,ESX-FUTURE,3107.0,846,3107.0,2119,NOTHING
01:09:21,ESX-FUTURE,3107.0,2932,3107.0,33,NOTHING
01:09:22,ESX-FUTURE,3107.0,1122,3107.0,1843,NOTHING
01:09:23,ESX-FUTURE,3107.0,2625,3107.0,340,NOTHING
01:09:24,ESX-FUTURE,3106.0,2457,3106.0,508,NOTHING
01:09:25,ESX-FUTURE,3107.0,2455,3107.0,510,NOTHING
01:09:25,ESX-FUTURE,3107.0,2137,3107.0,828,NOTHING
01:09:27,ESX-FUTURE,3107.0,2139,3107.0,826,NOTHING
01:09:28,ESX-FUTURE,3107.0,1594,3107.0,1371,NOTHING
01:09:29,ESX-FUTURE,3107.0,1686,3107.0,1279,NOTHING
01:09:30,ESX-FUTURE,3107.0,2475,3108.0,490,NOTHING
01:09:31,ESX-FUTURE,3108.0,28,3108.0,2937,NOTHING
01:09:32,ESX-FUTURE,3108.0,2639,3108.0,326,NOTHING
01:09:32,ESX-FUTURE,3108.0,1864,3108.0,1101,NOTHING
01:09:33,ESX-FUTURE,3108.0,381,3108.0,2584,NOTHING
01:09:34,ESX-FUTURE,3108.0,2494,3108.0,471,NOTHING
01:09:34,ESX-FUTURE,3108.0,1928,3109.0,1037,NOTHING
01:09:36,ESX-FUTURE,3109.0,175,3109.0,2790,NOTHING
01:09:38,ESX-FUTURE,3109.0,2375,3109.0,590,NOTHING
01:09:38,ESX-FUTURE,3109.0,2159,3109.0,806,NOTHING
01:09:40,ESX-FUTURE,3109.0,2029,3109.0,936,NOTHING
01:09:41,ESX-FUTURE,3109.0,2124,3109.0,841,NOTHING
01:09:41,ESX-FUTURE,3109.0,2284,3109.0,681,NOTHING
01:09:43,ESX-FUTURE,3107.0,2302,3107.0,663,NOTHING
01:09:45,ESX-FUTURE,3107.0,66,3107.0,2899,NOTHING
01:09:46,ESX-FUTURE,3107.0,32,3107.0,2933,NOTHING
01:09:47,ESX-FUTURE,3107.0,2189,3107.0,776,NOTHING
01:09:48,ESX-FUTURE,3107.0,2635,3107.0,330,NOTHING
01:09:49,ESX-FUTURE,3106.0,1893,3107.0,1072,NOTHING
01:09:50,ESX-FUTURE,3106.0,2060,3107.0,905,NOTHING
01:09:52,ESX-FUTURE,3106.0,2050,3107.0,915,NOTHING
01:09:52,ESX-FUTURE,3106.0,1880,3107.0,1085,NOTHING
01:09:54,ESX-FUTURE,3106.0,1817,3107.0,1148,NOTHING
01:09:54,ESX-FUTURE,3107.0,338,3107.0,2627,NOTHING
01:09:56,ESX-FUTURE,3107.0,2152,3107.0,813,NOTHING
01:09:56,ESX-FUTURE,3107.0,2771,3107.0,194,NOTHING
01:09:57,ESX-FUTURE,3107.0,624,3107.0,2341,NOTHING
01:09:58,ESX-FUTURE,3107.0,620,3107.0,2345,NOTHING
01:10:00,ESX-FUTURE,3107.0,1974,3107.0,991,NOTHING
01:10:01,ESX-FUTURE,3107.0,1957,3107.0,1008,NOTHING
01:10:02,ESX-FUTURE,3107.0,2816,3107.0,149,NOTHING
01:10:03,ESX-FUTURE,3107.0,2464,3107.0,501,NOTHING
01:10:04,ESX-FUTURE,3108.0,1479,3108.0,1486,NOTHING
01:10:05,ESX-FUTURE,3108.0,2066,3108.0,899,NOTHING
01:10:07,ESX-FUTURE,3108.0,129,3108.0,2836,NOTHING
01:10:08,ESX-FUTURE,3108.0,2571,3108.0,394,NOTHING
01:10:09,ESX-FUTURE,3108.0,237,3109.0,2728,NOTHING
01:10:09,ESX-FUTURE,3109.0,804,3109.0,2161,NOTHING
01:10:10,ESX-FUTURE,3109.0,2727,3109.0,238,NOTHING
01:10:11,ESX-FUTURE,3109.0,974,3109.0,1991,NOTHING
01:10:11,ESX-FUTURE,3109.0,337,3109.0,2628,NOTHING
01:10:13,ESX-FUTURE,3109.0,633,3109.0,2332,NOTHING
01:10:14,ESX-FUTURE,3108.0,1580,3108.0,1385,NOTHING
01:10:14,ESX-FUTURE,3108.0,2655,3108.0,310,NOTHING
01:10:16,ESX-FUTURE,3108.0,962,3108.0,2003,NOTHING
01:10:17,ESX-FUTURE,3108.0,1262,3108.0,1703,NOTHING
01:10:19,ESX-FUTURE,3108.0,910,3108.0,2055,NOTHING
01:10:20,ESX-FUTURE,3108.0,2085,3108.0,880,NOTHING
01:10:20,ESX-FUTURE,3108.0,1601,3108.0,1364,NOTHING
01:10:21,ESX-FUTURE,3108.0,1600,3108.0,1365,NOTHING
01:10:22,ESX-FUTURE,3108.0,1483,3108.0,1482,NOTHING
01:10:25,ESX-FUTURE,3108.0,1570,3108.0,1395,NOTHING
01:10:26,ESX-FUTURE,3108.0,1572,3108.0,1393,NOTHING
01:10:27,ESX-FUTURE,3107.0,1053,3107.0,1912,NOTHING
01:10:29,ESX-FUTURE,3107.0,1985,3107.0,980,NOTHING
01:10:30,ESX-FUTURE,3107.0,436,3108.0,2529,NOTHING
01:10:32,ESX-FUTURE,3107.0,436,3108.0,2529,NOTHING
01:10:32,ESX-FUTURE,3107.0,422,3108.0,2543,NOTHING
01:10:33,ESX-FUTURE,3107.0,431,3108.0,2534,NOTHING
01:10:35,ESX-FUTURE,3107.0,376,3108.0,2589,NOTHING
01:10:35,ESX-FUTURE,3107.0,1529,3108.0,1436,NOTHING
01:10:37,ESX-FUTURE,3107.0,1217,3108.0,1748,NOTHING
01:10:38,ESX-FUTURE,3107.0,1208,3108.0,1757,NOTHING
01:10:39,ESX-FUTURE,3107.0,1238,3108.0,1727,NOTHING
01:10:39,ESX-FUTURE,3107.0,1549,3108.0,1416,NOTHING
01:10:40,ESX-FUTURE,3107.0,1559,3108.0,1406,NOTHING
01:10:40,ESX-FUTURE,3108.0,455,3108.0,2510,NOTHING
01:10:41,ESX-FUTURE,3108.0,1675,3108.0,1290,NOTHING
01:10:42,ESX-FUTURE,3107.0,2526,3108.0,439,NOTHING
01:10:43,ESX-FUTURE,3111.0,1100,3111.0,1865,NOTHING
01:10:44,ESX-FUTURE,3110.0,2954,3110.0,11,NOTHING
01:10:45,ESX-FUTURE,3110.0,1588,3110.0,1377,NOTHING
01:10:46,ESX-FUTURE,3110.0,1586,3110.0,1379,NOTHING
01:10:47,ESX-FUTURE,3110.0,1613,3110.0,1352,NOTHING
01:10:48,ESX-FUTURE,3110.0,1066,3110.0,1899,NOTHING
01:10:49,ESX-FUTURE,3110.0,544,3110.0,2421,NOTHING
01:10:50,ESX-FUTURE,3110.0,138,3110.0,2827,NOTHING
01:10:52,ESX-FUTURE,3111.0,2868,3111.0,97,NOTHING
01:10:52,ESX-FUTURE,3111.0,36,3111.0,2929,NOTHING
01:10:53,ESX-FUTURE,3112.0,938,3112.0,2027,NOTHING
01:10:54,ESX-FUTURE,3111.0,2930,3112.0,35,NOTHING
01:10:55,ESX-FUTURE,3112.0,175,3112.0,2790,NOTHING
01:10:56,ESX-FUTURE,3111.0,703,3111.0,2262,NOTHING
01:10:57,ESX-FUTURE,3111.0,667,3111.0,2298,NOTHING
01:10:58,ESX-FUTURE,3111.0,392,3111.0,2573,NOTHING
01:11:00,ESX-FUTURE,3110.0,768,3110.0,2197,NOTHING
01:11:01,ESX-FUTURE,3109.0,1385,3109.0,1580,NOTHING
01:11:02,ESX-FUTURE,3109.0,1334,3109.0,1631,NOTHING
01:11:03,ESX-FUTURE,3109.0,1461,3109.0,1504,NOTHING
01:11:03,ESX-FUTURE,3109.0,1647,3109.0,1318,NOTHING
01:11:04,ESX-FUTURE,3109.0,429,3109.0,2536,NOTHING
01:11:05,ESX-FUTURE,3109.0,244,3109.0,2721,NOTHING
01:11:06,ESX-FUTURE,3109.0,765,3109.0,2200,NOTHING
01:11:08,ESX-FUTURE,3109.0,741,3109.0,2224,NOTHING
01:11:09,ESX-FUTURE,3109.0,1343,3109.0,1622,NOTHING
01:11:10,ESX-FUTURE,3109.0,2391,3109.0,574,NOTHING
01:11:10,ESX-FUTURE,3110.0,1528,3110.0,1437,NOTHING
01:11:10,ESX-FUTURE,3110.0,1130,3110.0,1835,NOTHING
01:11:11,ESX-FUTURE,3110.0,943,3110.0,2022,NOTHING
01:11:11,ESX-FUTURE,3110.0,2901,3110.0,64,NOTHING
01:11:13,ESX-FUTURE,3110.0,748,3110.0,2217,NOTHING
01:11:14,ESX-FUTURE,3110.0,2945,3110.0,20,NOTHING
01:11:15,ESX-FUTURE,3111.0,2862,3111.0,103,NOTHING
01:11:17,ESX-FUTURE,3111.0,546,3111.0,2419,NOTHING
01:11:18,ESX-FUTURE,3111.0,2040,3111.0,925,NOTHING
01:11:20,ESX-FUTURE,3111.0,699,3111.0,2266,NOTHING
01:11:22,ESX-FUTURE,3111.0,697,3111.0,2268,NOTHING
01:11:22,ESX-FUTURE,3111.0,1077,3111.0,1888,NOTHING
01:11:24,ESX-FUTURE,3111.0,2254,3111.0,711,NOTHING
01:11:25,ESX-FUTURE,3113.0,2462,3113.0,503,NOTHING
01:11:26,ESX-FUTURE,3113.0,2298,3113.0,667,NOTHING
01:11:28,ESX-FUTURE,3112.0,2676,3112.0,289,NOTHING
01:11:30,ESX-FUTURE,3112.0,28,3112.0,2937,NOTHING
01:11:31,ESX-FUTURE,3111.0,1588,3112.0,1377,NOTHING
01:11:32,ESX-FUTURE,3112.0,2041,3112.0,924,NOTHING
01:11:32,ESX-FUTURE,3116.0,290,3116.0,2675,NOTHING
01:11:33,ESX-FUTURE,3116.0,283,3116.0,2682,NOTHING
01:11:34,ESX-FUTURE,3117.0,2894,3118.0,71,NOTHING
01:11:35,ESX-FUTURE,3118.0,1515,3118.0,1450,NOTHING
01:11:35,ESX-FUTURE,3118.0,1561,3118.0,1404,NOTHING
01:11:35,ESX-FUTURE,3118.0,207,3119.0,2758,NOTHING
01:11:36,ESX-FUTURE,3118.0,2513,3118.0,452,NOTHING
01:11:36,ESX-FUTURE,3118.0,1912,3118.0,1053,NOTHING
01:11:37,ESX-FUTURE,3118.0,1989,3118.0,976,NOTHING
01:11:38,ESX-FUTURE,3119.0,158,3119.0,2807,NOTHING
01:11:40,ESX-FUTURE,3118.0,1199,3118.0,1766,NOTHING
01:11:40,ESX-FUTURE,3118.0,2173,3118.0,792,NOTHING
01:11:41,ESX-FUTURE,3118.0,1202,3119.0,1763,NOTHING
01:11:42,ESX-FUTURE,3118.0,1152,3119.0,1813,NOTHING
01:11:43,ESX-FUTURE,3118.0,1457,3118.0,1508,NOTHING
01:11:43,ESX-FUTURE,3118.0,2005,3118.0,960,NOTHING
01:11:44,ESX-FUTURE,3117.0,2098,3118.0,867,NOTHING
01:11:44,ESX-FUTURE,3118.0,100,3118.0,2865,NOTHING
01:11:46,ESX-FUTURE,3118.0,693,3118.0,2272,NOTHING
01:11:46,ESX-FUTURE,3117.0,1862,3118.0,1103,NOTHING
01:11:47,ESX-FUTURE,3117.0,2433,3117.0,532,NOTHING
01:11:49,ESX-FUTURE,3117.0,2937,3118.0,28,NOTHING
01:11:51,ESX-FUTURE,3118.0,853,3118.0,2112,NOTHING
01:11:53,ESX-FUTURE,3118.0,624,3118.0,2341,NOTHING
01:11:54,ESX-FUTURE,3118.0,2673,3118.0,292,NOTHING
01:11:56,ESX-FUTURE,3118.0,498,3118.0,2467,NOTHING
01:11:56,ESX-FUTURE,3118.0,345,3119.0,2620,NOTHING
01:11:57,ESX-FUTURE,3119.0,2691,3119.0,274,NOTHING
01:11:58,ESX-FUTURE,3119.0,2446,3119.0,519,NOTHING
01:11:58,ESX-FUTURE,3119.0,2050,3119.0,915,NOTHING
01:11:59,ESX-FUTURE,3117.0,2630,3117.0,335,NOTHING
01:12:01,ESX-FUTURE,3117.0,2908,3117.0,57,SELL
01:12:02,ESX-FUTURE,3117.0,22,3117.0,2943,SELL
01:12:03,ESX-FUTURE,3118.0,2847,3118.0,118,SELL
01:12:03,ESX-FUTURE,3119.0,1406,3119.0,1559,SELL
01:12:04,ESX-FUTURE,3119.0,1406,3119.0,1559,SELL
01:12:05,ESX-FUTURE,3119.0,1928,3120.0,1037,SELL
01:12:06,ESX-FUTURE,3119.0,2383,3120.0,582,SELL
01:12:07,ESX-FUTURE,3119.0,2426,3120.0,539,SELL
01:12:12,ESX-FUTURE,3120.0,1720,3120.0,1245,SELL
01:12:19,ESX-FUTURE,3118.0,2961,3119.0,4,SELL
01:12:31,ESX-FUTURE,3116.0,174,3116.0,2791,SELL
01:12:48,ESX-FUTURE,3112.0,360,3112.0,2605,SELL
01:13:02,ESX-FUTURE,3112.0,934,3112.0,2031,NOTHING
01:13:12,ESX-FUTURE,3111.0,2025,3111.0,940,NOTHING
01:13:12,ESX-FUTURE,3111.0,761,3111.0,2204,NOTHING
01:13:14,ESX-FUTURE,3111.0,1448,3112.0,1517,NOTHING
01:13:17,ESX-FUTURE,3111.0,1204,3111.0,1761,NOTHING
01:13:37,ESX-FUTURE,3108.0,2676,3108.0,289,NOTHING
01:13:40,ESX-FUTURE,3109.0,2124,3109.0,841,NOTHING
01:13:47,ESX-FUTURE,3109.0,2769,3109.0,196,NOTHING
01:13:47,ESX-FUTURE,3110.0,33,3110.0,2932,NOTHING
01:13:49,ESX-FUTURE,3110.0,2478,3110.0,487,NOTHING
01:14:00,ESX-FUTURE,3110.0,2226,3110.0,739,NOTHING
01:14:04,ESX-FUTURE,3110.0,2235,3110.0,730,NOTHING
01:14:05,ESX-FUTURE,3110.0,2327,3110.0,638,NOTHING
01:14:09,ESX-FUTURE,3109.0,1650,3109.0,1315,NOTHING
01:14:11,ESX-FUTURE,3109.0,1991,3110.0,974,NOTHING
01:14:12,ESX-FUTURE,3109.0,1990,3110.0,975,NOTHING
01:14:23,ESX-FUTURE,3109.0,2818,3110.0,147,NOTHING
01:14:28,ESX-FUTURE,3110.0,2344,3110.0,621,NOTHING
01:14:30,ESX-FUTURE,3109.0,720,3109.0,2245,NOTHING
01:14:37,ESX-FUTURE,3107.0,1864,3108.0,1101,NOTHING
01:14:46,ESX-FUTURE,3106.0,2665,3106.0,300,NOTHING
01:14:55,ESX-FUTURE,3106.0,299,3107.0,2666,NOTHING
01:14:56,ESX-FUTURE,3106.0,872,3107.0,2093,NOTHING
01:14:58,ESX-FUTURE,3107.0,2529,3107.0,436,NOTHING
01:15:02,ESX-FUTURE,3106.0,2718,3106.0,247,NOTHING
01:15:36,ESX-FUTURE,3108.0,2246,3108.0,719,NOTHING
01:15:39,ESX-FUTURE,3108.0,1450,3108.0,1515,NOTHING
01:15:42,ESX-FUTURE,3108.0,1316,3108.0,1649,NOTHING
01:15:49,ESX-FUTURE,3108.0,1896,3108.0,1069,NOTHING
01:15:57,ESX-FUTURE,3106.0,1791,3106.0,1174,NOTHING
01:16:00,ESX-FUTURE,3106.0,1380,3107.0,1585,NOTHING
01:16:05,ESX-FUTURE,3103.0,1529,3103.0,1436,NOTHING
01:16:07,ESX-FUTURE,3103.0,2035,3103.0,930,NOTHING
01:16:10,ESX-FUTURE,3102.0,1505,3103.0,1460,NOTHING
01:16:11,ESX-FUTURE,3102.0,1331,3103.0,1634,NOTHING
01:16:24,ESX-FUTURE,3101.0,2186,3101.0,779,NOTHING
01:16:34,ESX-FUTURE,3103.0,2506,3104.0,459,NOTHING
01:16:39,ESX-FUTURE,3104.0,184,3104.0,2781,NOTHING
01:16:44,ESX-FUTURE,3103.0,48,3103.0,2917,NOTHING
01:16:45,ESX-FUTURE,3103.0,473,3103.0,2492,NOTHING
01:16:52,ESX-FUTURE,3103.0,1904,3103.0,1061,NOTHING
01:16:56,ESX-FUTURE,3103.0,1901,3103.0,1064,NOTHING
01:17:14,ESX-FUTURE,3100.0,2668,3100.0,297,NOTHING
01:17:15,ESX-FUTURE,3099.0,1842,3099.0,1123,NOTHING
01:17:16,ESX-FUTURE,3098.0,1553,3099.0,1412,NOTHING
01:17:17,ESX-FUTURE,3099.0,709,3099.0,2256,NOTHING
01:17:19,ESX-FUTURE,3099.0,1944,3099.0,1021,NOTHING
01:17:20,ESX-FUTURE,3100.0,2719,3100.0,246,NOTHING
01:17:21,ESX-FUTURE,3099.0,204,3100.0,2761,NOTHING
01:17:23,ESX-FUTURE,3099.0,209,3100.0,2756,NOTHING
01:17:24,ESX-FUTURE,3099.0,2795,3099.0,170,NOTHING
01:17:25,ESX-FUTURE,3099.0,1660,3100.0,1305,NOTHING
01:17:26,ESX-FUTURE,3099.0,1950,3100.0,1015,NOTHING
01:17:27,ESX-FUTURE,3100.0,2795,3100.0,170,NOTHING
01:17:28,ESX-FUTURE,3100.0,1195,3100.0,1770,NOTHING
01:17:29,ESX-FUTURE,3098.0,1096,3098.0,1869,NOTHING
01:17:30,ESX-FUTURE,3098.0,1415,3098.0,1550,NOTHING
01:17:31,ESX-FUTURE,3097.0,909,3098.0,2056,NOTHING
01:17:33,ESX-FUTURE,3097.0,629,3098.0,2336,NOTHING
01:17:35,ESX-FUTURE,3097.0,365,3098.0,2600,NOTHING
01:17:36,ESX-FUTURE,3097.0,345,3098.0,2620,NOTHING
01:17:37,ESX-FUTURE,3097.0,197,3098.0,2768,NOTHING
01:17:37,ESX-FUTURE,3097.0,2054,3097.0,911,NOTHING
01:17:39,ESX-FUTURE,3097.0,2141,3097.0,824,NOTHING
01:17:40,ESX-FUTURE,3097.0,1532,3097.0,1433,NOTHING
01:17:41,ESX-FUTURE,3097.0,62,3098.0,2903,NOTHING
01:17:42,ESX-FUTURE,3097.0,1059,3097.0,1906,NOTHING
01:17:44,ESX-FUTURE,3097.0,714,3097.0,2251,NOTHING
01:17:45,ESX-FUTURE,3097.0,979,3097.0,1986,NOTHING
01:17:46,ESX-FUTURE,3095.0,1696,3095.0,1269,NOTHING
01:17:46,ESX-FUTURE,3094.0,321,3095.0,2644,NOTHING
01:17:47,ESX-FUTURE,3093.0,473,3093.0,2492,NOTHING
01:17:48,ESX-FUTURE,3093.0,947,3093.0,2018,NOTHING
01:17:50,ESX-FUTURE,3093.0,2827,3093.0,138,NOTHING
01:17:51,ESX-FUTURE,3093.0,1569,3093.0,1396,NOTHING
01:17:52,ESX-FUTURE,3093.0,2646,3093.0,319,NOTHING
01:17:54,ESX-FUTURE,3093.0,2555,3093.0,410,NOTHING
01:17:55,ESX-FUTURE,3094.0,1951,3094.0,1014,NOTHING
01:17:57,ESX-FUTURE,3094.0,2420,3095.0,545,NOTHING
01:17:58,ESX-FUTURE,3094.0,2440,3095.0,525,NOTHING
01:17:58,ESX-FUTURE,3095.0,845,3095.0,2120,NOTHING
01:18:00,ESX-FUTURE,3095.0,898,3095.0,2067,NOTHING
01:18:01,ESX-FUTURE,3095.0,1780,3095.0,1185,NOTHING
01:18:02,ESX-FUTURE,3095.0,1560,3095.0,1405,NOTHING
01:18:04,ESX-FUTURE,3095.0,1556,3095.0,1409,NOTHING
01:18:05,ESX-FUTURE,3095.0,1129,3095.0,1836,NOTHING
01:18:07,ESX-FUTURE,3095.0,2501,3095.0,464,NOTHING
01:18:08,ESX-FUTURE,3095.0,2568,3095.0,397,NOTHING
01:18:09,ESX-FUTURE,3095.0,2289,3095.0,676,NOTHING
01:18:09,ESX-FUTURE,3096.0,481,3096.0,2484,NOTHING
01:18:11,ESX-FUTURE,3096.0,2044,3096.0,921,NOTHING
01:18:11,ESX-FUTURE,3096.0,839,3096.0,2126,NOTHING
01:18:13,ESX-FUTURE,3094.0,2401,3095.0,564,NOTHING
01:18:14,ESX-FUTURE,3094.0,1838,3094.0,1127,NOTHING
01:18:15,ESX-FUTURE,3094.0,583,3095.0,2382,NOTHING
01:18:16,ESX-FUTURE,3095.0,2558,3095.0,407,NOTHING
01:18:17,ESX-FUTURE,3095.0,581,3096.0,2384,NOTHING
01:18:18,ESX-FUTURE,3095.0,1422,3095.0,1543,NOTHING
01:18:19,ESX-FUTURE,3095.0,1861,3095.0,1104,NOTHING
01:18:19,ESX-FUTURE,3096.0,2288,3096.0,677,NOTHING
01:18:20,ESX-FUTURE,3096.0,368,3096.0,2597,NOTHING
01:18:22,ESX-FUTURE,3096.0,2857,3096.0,108,NOTHING
01:18:23,ESX-FUTURE,3095.0,2862,3096.0,103,NOTHING
01:18:24,ESX-FUTURE,3096.0,1169,3096.0,1796,NOTHING
01:18:25,ESX-FUTURE,3095.0,1963,3095.0,1002,NOTHING
01:18:26,ESX-FUTURE,3095.0,2650,3095.0,315,NOTHING
01:18:27,ESX-FUTURE,3095.0,2593,3095.0,372,NOTHING
01:18:27,ESX-FUTURE,3095.0,1968,3095.0,997,NOTHING
01:18:28,ESX-FUTURE,3095.0,1403,3095.0,1562,NOTHING
01:18:28,ESX-FUTURE,3098.0,1869,3099.0,1096,NOTHING
01:18:28,ESX-FUTURE,3098.0,1592,3099.0,1373,NOTHING
01:18:29,ESX-FUTURE,3099.0,69,3099.0,2896,NOTHING
01:18:30,ESX-FUTURE,3098.0,2019,3099.0,946,NOTHING
01:18:32,ESX-FUTURE,3098.0,1764,3099.0,1201,NOTHING
01:18:34,ESX-FUTURE,3098.0,1754,3099.0,1211,NOTHING
01:18:34,ESX-FUTURE,3099.0,2076,3099.0,889,NOTHING
01:18:36,ESX-FUTURE,3098.0,1448,3098.0,1517,NOTHING
01:18:38,ESX-FUTURE,3098.0,1623,3098.0,1342,NOTHING
01:18:39,ESX-FUTURE,3098.0,2926,3098.0,39,NOTHING
01:18:40,ESX-FUTURE,3098.0,2905,3098.0,60,NOTHING
01:18:41,ESX-FUTURE,3098.0,963,3098.0,2002,NOTHING
01:18:42,ESX-FUTURE,3097.0,2195,3098.0,770,NOTHING
01:18:43,ESX-FUTURE,3097.0,1127,3098.0,1838,NOTHING
01:18:44,ESX-FUTURE,3098.0,2409,3098.0,556,NOTHING
01:18:45,ESX-FUTURE,3098.0,809,3099.0,2156,NOTHING
01:18:46,ESX-FUTURE,3098.0,806,3099.0,2159,NOTHING
01:18:46,ESX-FUTURE,3098.0,803,3099.0,2162,NOTHING
01:18:48,ESX-FUTURE,3098.0,2556,3098.0,409,NOTHING
01:18:49,ESX-FUTURE,3100.0,1250,3100.0,1715,NOTHING
01:18:49,ESX-FUTURE,3100.0,812,3100.0,2153,NOTHING
01:18:50,ESX-FUTURE,3099.0,164,3100.0,2801,NOTHING
01:18:51,ESX-FUTURE,3099.0,364,3100.0,2601,NOTHING
01:18:52,ESX-FUTURE,3099.0,277,3100.0,2688,NOTHING
01:18:52,ESX-FUTURE,3099.0,1690,3100.0,1275,NOTHING
01:18:52,ESX-FUTURE,3099.0,2213,3100.0,752,NOTHING
01:18:52,ESX-FUTURE,3099.0,1970,3100.0,995,NOTHING
01:18:53,ESX-FUTURE,3099.0,2022,3100.0,943,NOTHING
01:18:54,ESX-FUTURE,3099.0,568,3100.0,2397,NOTHING
01:18:55,ESX-FUTURE,3099.0,674,3100.0,2291,NOTHING
01:18:56,ESX-FUTURE,3099.0,980,3100.0,1985,NOTHING
01:18:58,ESX-FUTURE,3099.0,676,3100.0,2289,NOTHING
01:18:58,ESX-FUTURE,3099.0,1021,3100.0,1944,NOTHING
01:18:59,ESX-FUTURE,3099.0,1463,3100.0,1502,NOTHING
01:19:00,ESX-FUTURE,3099.0,1413,3100.0,1552,NOTHING
01:19:03,ESX-FUTURE,3098.0,1776,3099.0,1189,NOTHING
01:19:04,ESX-FUTURE,3099.0,31,3099.0,2934,NOTHING
01:19:05,ESX-FUTURE,3098.0,1181,3099.0,1784,NOTHING
01:19:05,ESX-FUTURE,3098.0,2295,3099.0,670,NOTHING
01:19:07,ESX-FUTURE,3098.0,20,3099.0,2945,NOTHING
01:19:08,ESX-FUTURE,3098.0,2934,3098.0,31,NOTHING
01:19:08,ESX-FUTURE,3097.0,109,3098.0,2856,NOTHING
01:19:08,ESX-FUTURE,3097.0,2493,3097.0,472,NOTHING
01:19:09,ESX-FUTURE,3097.0,726,3097.0,2239,NOTHING
01:19:10,ESX-FUTURE,3097.0,836,3097.0,2129,NOTHING
01:19:11,ESX-FUTURE,3095.0,2193,3095.0,772,NOTHING
01:19:13,ESX-FUTURE,3095.0,13,3095.0,2952,NOTHING
01:19:14,ESX-FUTURE,3095.0,77,3095.0,2888,NOTHING
01:19:15,ESX-FUTURE,3096.0,1388,3096.0,1577,NOTHING
01:19:15,ESX-FUTURE,3096.0,1586,3096.0,1379,NOTHING
01:19:17,ESX-FUTURE,3096.0,1584,3096.0,1381,NOTHING
01:19:18,ESX-FUTURE,3096.0,947,3096.0,2018,NOTHING
01:19:19,ESX-FUTURE,3096.0,1676,3096.0,1289,NOTHING
01:19:20,ESX-FUTURE,3096.0,1561,3096.0,1404,NOTHING
01:19:21,ESX-FUTURE,3096.0,1155,3096.0,1810,NOTHING
01:19:22,ESX-FUTURE,3096.0,809,3096.0,2156,NOTHING
01:19:22,ESX-FUTURE,3096.0,860,3096.0,2105,NOTHING
01:19:23,ESX-FUTURE,3098.0,2703,3098.0,262,NOTHING
01:19:24,ESX-FUTURE,3098.0,1614,3099.0,1351,NOTHING
01:19:25,ESX-FUTURE,3098.0,2067,3098.0,898,NOTHING
01:19:26,ESX-FUTURE,3098.0,1378,3098.0,1587,NOTHING
01:19:28,ESX-FUTURE,3098.0,1565,3098.0,1400,NOTHING
01:19:29,ESX-FUTURE,3097.0,2740,3097.0,225,NOTHING
01:19:30,ESX-FUTURE,3097.0,1042,3097.0,1923,NOTHING
01:19:31,ESX-FUTURE,3097.0,167,3097.0,2798,NOTHING
01:19:32,ESX-FUTURE,3097.0,54,3097.0,2911,NOTHING
01:19:33,ESX-FUTURE,3098.0,2202,3098.0,763,NOTHING
01:19:33,ESX-FUTURE,3098.0,1492,3098.0,1473,NOTHING
01:19:34,ESX-FUTURE,3099.0,2121,3099.0,844,NOTHING
01:19:36,ESX-FUTURE,3098.0,2326,3098.0,639,NOTHING
01:19:37,ESX-FUTURE,3098.0,1840,3098.0,1125,NOTHING
01:19:38,ESX-FUTURE,3097.0,542,3097.0,2423,NOTHING
01:19:40,ESX-FUTURE,3097.0,1426,3097.0,1539,NOTHING
01:19:40,ESX-FUTURE,3097.0,106,3097.0,2859,NOTHING
01:19:42,ESX-FUTURE,3093.0,980,3094.0,1985,NOTHING
01:19:43,ESX-FUTURE,3093.0,443,3094.0,2522,NOTHING
01:19:45,ESX-FUTURE,3094.0,298,3094.0,2667,NOTHING
01:19:46,ESX-FUTURE,3094.0,1032,3094.0,1933,NOTHING
01:19:47,ESX-FUTURE,3094.0,1862,3094.0,1103,NOTHING
01:19:49,ESX-FUTURE,3094.0,2239,3095.0,726,NOTHING
01:19:49,ESX-FUTURE,3094.0,1851,3095.0,1114,NOTHING
01:19:51,ESX-FUTURE,3094.0,1057,3095.0,1908,NOTHING
01:19:52,ESX-FUTURE,3094.0,880,3095.0,2085,NOTHING
01:19:52,ESX-FUTURE,3094.0,453,3095.0,2512,NOTHING
01:19:54,ESX-FUTURE,3094.0,423,3095.0,2542,NOTHING
01:19:54,ESX-FUTURE,3094.0,1395,3094.0,1570,NOTHING
01:19:55,ESX-FUTURE,3094.0,1531,3094.0,1434,NOTHING
01:19:57,ESX-FUTURE,3094.0,1355,3094.0,1610,NOTHING
01:19:58,ESX-FUTURE,3094.0,166,3094.0,2799,NOTHING
01:19:59,ESX-FUTURE,3094.0,2127,3094.0,838,NOTHING
01:20:00,ESX-FUTURE,3094.0,2114,3094.0,851,NOTHING
01:20:00,ESX-FUTURE,3092.0,1851,3093.0,1114,NOTHING
01:20:01,ESX-FUTURE,3092.0,1798,3093.0,1167,NOTHING
01:20:02,ESX-FUTURE,3092.0,1348,3092.0,1617,NOTHING
01:20:04,ESX-FUTURE,3092.0,1851,3092.0,1114,NOTHING
01:20:04,ESX-FUTURE,3090.0,375,3090.0,2590,NOTHING
01:20:05,ESX-FUTURE,3090.0,2385,3090.0,580,NOTHING
01:20:06,ESX-FUTURE,3090.0,2385,3090.0,580,NOTHING
01:20:07,ESX-FUTURE,3090.0,1640,3090.0,1325,NOTHING
01:20:08,ESX-FUTURE,3090.0,1109,3090.0,1856,NOTHING
01:20:09,ESX-FUTURE,3090.0,381,3090.0,2584,NOTHING
01:20:10,ESX-FUTURE,3090.0,868,3090.0,2097,NOTHING
01:20:11,ESX-FUTURE,3090.0,880,3090.0,2085,NOTHING
01:20:12,ESX-FUTURE,3090.0,1990,3090.0,975,NOTHING
01:20:13,ESX-FUTURE,3090.0,2715,3090.0,250,NOTHING
01:20:14,ESX-FUTURE,3090.0,2354,3090.0,611,NOTHING
01:20:14,ESX-FUTURE,3090.0,1586,3090.0,1379,NOTHING
01:20:15,ESX-FUTURE,3090.0,2473,3090.0,492,NOTHING
01:20:16,ESX-FUTURE,3090.0,2052,3090.0,913,NOTHING
01:20:18,ESX-FUTURE,3090.0,1706,3090.0,1259,NOTHING
01:20:19,ESX-FUTURE,3090.0,1084,3090.0,1881,NOTHING
01:20:20,ESX-FUTURE,3089.0,640,3089.0,2325,NOTHING
01:20:21,ESX-FUTURE,3089.0,479,3089.0,2486,NOTHING
01:20:22,ESX-FUTURE,3090.0,1876,3090.0,1089,NOTHING
01:20:22,ESX-FUTURE,3089.0,2871,3089.0,94,NOTHING
01:20:24,ESX-FUTURE,3089.0,582,3089.0,2383,NOTHING
01:20:25,ESX-FUTURE,3089.0,584,3089.0,2381,NOTHING
01:20:26,ESX-FUTURE,3089.0,585,3089.0,2380,NOTHING
01:20:28,ESX-FUTURE,3089.0,139,3089.0,2826,NOTHING
01:20:29,ESX-FUTURE,3089.0,710,3089.0,2255,NOTHING
01:20:30,ESX-FUTURE,3089.0,410,3089.0,2555,NOTHING
01:20:31,ESX-FUTURE,3089.0,2119,3089.0,846,NOTHING
01:20:32,ESX-FUTURE,3089.0,2680,3089.0,285,NOTHING
01:20:33,ESX-FUTURE,3088.0,106,3089.0,2859,NOTHING
01:20:35,ESX-FUTURE,3088.0,938,3089.0,2027,NOTHING
01:20:36,ESX-FUTURE,3088.0,122,3089.0,2843,NOTHING
01:20:37,ESX-FUTURE,3088.0,2414,3088.0,551,NOTHING
01:20:38,ESX-FUTURE,3088.0,2288,3088.0,677,NOTHING
01:20:39,ESX-FUTURE,3088.0,2243,3088.0,722,NOTHING
01:20:39,ESX-FUTURE,3088.0,2331,3088.0,634,NOTHING
01:20:40,ESX-FUTURE,3088.0,2492,3088.0,473,NOTHING
01:20:41,ESX-FUTURE,3089.0,1175,3089.0,1790,NOTHING
01:20:42,ESX-FUTURE,3089.0,1370,3089.0,1595,NOTHING
01:20:44,ESX-FUTURE,3089.0,641,3089.0,2324,NOTHING
01:20:45,ESX-FUTURE,3087.0,953,3087.0,2012,NOTHING
01:20:45,ESX-FUTURE,3086.0,1818,3087.0,1147,NOTHING
01:20:46,ESX-FUTURE,3087.0,1072,3087.0,1893,NOTHING
01:20:48,ESX-FUTURE,3087.0,1182,3087.0,1783,NOTHING
01:20:48,ESX-FUTURE,3087.0,2139,3087.0,826,NOTHING
01:20:49,ESX-FUTURE,3087.0,2511,3087.0,454,NOTHING
01:20:51,ESX-FUTURE,3087.0,2698,3087.0,267,NOTHING
01:20:52,ESX-FUTURE,3087.0,1940,3087.0,1025,NOTHING
01:20:53,ESX-FUTURE,3087.0,2409,3087.0,556,NOTHING
01:20:54,ESX-FUTURE,3086.0,1459,3086.0,1506,NOTHING
01:20:56,ESX-FUTURE,3086.0,1461,3086.0,1504,NOTHING
01:20:58,ESX-FUTURE,3084.0,1592,3085.0,1373,NOTHING
01:20:59,ESX-FUTURE,3084.0,1036,3085.0,1929,NOTHING
01:21:00,ESX-FUTURE,3084.0,780,3084.0,2185,BUY
01:21:00,ESX-FUTURE,3084.0,100,3084.0,2865,BUY
01:21:01,ESX-FUTURE,3085.0,265,3085.0,2700,BUY
01:21:02,ESX-FUTURE,3086.0,960,3086.0,2005,BUY
01:21:03,ESX-FUTURE,3086.0,961,3086.0,2004,BUY
01:21:04,ESX-FUTURE,3086.0,1333,3086.0,1632,BUY
01:21:05,ESX-FUTURE,3086.0,2914,3086.0,51,BUY
01:21:06,ESX-FUTURE,3086.0,342,3086.0,2623,BUY
01:21:07,ESX-FUTURE,3086.0,1552,3086.0,1413,BUY
01:21:08,ESX-FUTURE,3086.0,2045,3086.0,920,BUY
01:21:09,ESX-FUTURE,3086.0,889,3087.0,2076,BUY
01:21:10,ESX-FUTURE,3086.0,803,3087.0,2162,BUY
01:21:11,ESX-FUTURE,3086.0,2406,3086.0,559,BUY
01:21:13,ESX-FUTURE,3086.0,2874,3086.0,91,BUY
01:21:14,ESX-FUTURE,3086.0,1805,3086.0,1160,BUY
01:21:15,ESX-FUTURE,3086.0,2928,3086.0,37,BUY
01:21:16,ESX-FUTURE,3087.0,2451,3087.0,514,BUY
01:21:18,ESX-FUTURE,3087.0,2251,3087.0,714,BUY
01:21:18,ESX-FUTURE,3087.0,876,3087.0,2089,BUY
01:21:18,ESX-FUTURE,3087.0,475,3087.0,2490,BUY
01:21:20,ESX-FUTURE,3087.0,991,3087.0,1974,BUY
01:21:21,ESX-FUTURE,3087.0,987,3087.0,1978,BUY
01:21:21,ESX-FUTURE,3087.0,2707,3087.0,258,BUY
01:21:22,ESX-FUTURE,3087.0,498,3087.0,2467,BUY
01:21:24,ESX-FUTURE,3089.0,1645,3089.0,1320,BUY
01:21:26,ESX-FUTURE,3089.0,1302,3089.0,1663,BUY
01:21:27,ESX-FUTURE,3089.0,2634,3089.0,331,BUY
01:21:28,ESX-FUTURE,3089.0,2511,3089.0,454,BUY
01:21:29,ESX-FUTURE,3089.0,2672,3089.0,293,BUY
01:21:31,ESX-FUTURE,3089.0,1772,3089.0,1193,BUY
01:21:32,ESX-FUTURE,3089.0,2849,3089.0,116,BUY
01:21:32,ESX-FUTURE,3089.0,1634,3090.0,1331,BUY
01:21:33,ESX-FUTURE,3089.0,2020,3090.0,945,BUY
01:21:35,ESX-FUTURE,3093.0,1989,3093.0,976,BUY
01:21:36,ESX-FUTURE,3094.0,1756,3095.0,1209,BUY
01:21:37,ESX-FUTURE,3094.0,2144,3095.0,821,BUY
01:21:37,ESX-FUTURE,3094.0,2154,3095.0,811,BUY
01:21:38,ESX-FUTURE,3094.0,1964,3095.0,1001,BUY
01:21:39,ESX-FUTURE,3091.0,10,3091.0,2955,BUY
01:21:40,ESX-FUTURE,3091.0,761,3091.0,2204,BUY
01:21:41,ESX-FUTURE,3091.0,714,3091.0,2251,BUY
01:21:42,ESX-FUTURE,3089.0,2148,3089.0,817,BUY
01:21:43,ESX-FUTURE,3089.0,927,3089.0,2038,BUY
01:21:45,ESX-FUTURE,3089.0,484,3090.0,2481,BUY
01:21:45,ESX-FUTURE,3089.0,419,3090.0,2546,BUY
01:21:45,ESX-FUTURE,3089.0,1321,3089.0,1644,BUY
01:21:47,ESX-FUTURE,3089.0,500,3089.0,2465,BUY
01:21:49,ESX-FUTURE,3089.0,2621,3089.0,344,BUY
01:21:50,ESX-FUTURE,3089.0,2626,3089.0,339,BUY
01:21:50,ESX-FUTURE,3089.0,2559,3089.0,406,BUY
01:21:51,ESX-FUTURE,3089.0,2515,3089.0,450,BUY
01:21:52,ESX-FUTURE,3089.0,2512,3089.0,453,BUY
01:21:53,ESX-FUTURE,3089.0,2513,3089.0,452,BUY
01:21:55,ESX-FUTURE,3089.0,2508,3089.0,457,BUY
01:21:56,ESX-FUTURE,3089.0,2914,3089.0,51,BUY
01:21:56,ESX-FUTURE,3089.0,604,3089.0,2361,BUY
01:21:57,ESX-FUTURE,3089.0,635,3089.0,2330,BUY
01:21:57,ESX-FUTURE,3088.0,1193,3089.0,1772,BUY
01:21:59,ESX-FUTURE,3088.0,458,3089.0,2507,BUY
01:22:01,ESX-FUTURE,3088.0,443,3089.0,2522,NOTHING
01:22:02,ESX-FUTURE,3088.0,935,3088.0,2030,NOTHING
01:22:03,ESX-FUTURE,3088.0,1574,3088.0,1391,NOTHING
01:22:04,ESX-FUTURE,3088.0,152,3088.0,2813,NOTHING
01:22:05,ESX-FUTURE,3087.0,1077,3087.0,1888,NOTHING
01:22:06,ESX-FUTURE,3087.0,2537,3087.0,428,NOTHING
01:22:07,ESX-FUTURE,3087.0,2707,3087.0,258,NOTHING
01:22:08,ESX-FUTURE,3087.0,1369,3088.0,1596,NOTHING
01:22:10,ESX-FUTURE,3087.0,1395,3088.0,1570,NOTHING
01:22:10,ESX-FUTURE,3087.0,1398,3088.0,1567,NOTHING
01:22:12,ESX-FUTURE,3088.0,2649,3088.0,316,NOTHING
01:22:12,ESX-FUTURE,3089.0,2544,3089.0,421,NOTHING
01:22:13,ESX-FUTURE,3089.0,2294,3089.0,671,NOTHING
01:22:15,ESX-FUTURE,3089.0,2256,3089.0,709,NOTHING
01:22:15,ESX-FUTURE,3089.0,1771,3090.0,1194,NOTHING
01:22:16,ESX-FUTURE,3089.0,1483,3090.0,1482,NOTHING
01:22:18,ESX-FUTURE,3089.0,1093,3090.0,1872,NOTHING
01:22:19,ESX-FUTURE,3089.0,1293,3089.0,1672,NOTHING
01:22:20,ESX-FUTURE,3089.0,942,3089.0,2023,NOTHING
01:22:22,ESX-FUTURE,3089.0,318,3090.0,2647,NOTHING
01:22:23,ESX-FUTURE,3089.0,2391,3089.0,574,NOTHING
01:22:24,ESX-FUTURE,3091.0,987,3091.0,1978,NOTHING
01:22:25,ESX-FUTURE,3091.0,932,3091.0,2033,NOTHING
01:22:26,ESX-FUTURE,3090.0,2087,3090.0,878,NOTHING
01:22:27,ESX-FUTURE,3090.0,1891,3090.0,1074,NOTHING
01:22:29,ESX-FUTURE,3090.0,1897,3090.0,1068,NOTHING
01:22:29,ESX-FUTURE,3090.0,370,3090.0,2595,NOTHING
01:22:30,ESX-FUTURE,3090.0,367,3090.0,2598,NOTHING
01:22:31,ESX-FUTURE,3091.0,2543,3092.0,422,NOTHING
01:22:32,ESX-FUTURE,3091.0,2687,3092.0,278,NOTHING
01:22:33,ESX-FUTURE,3091.0,326,3091.0,2639,NOTHING
01:22:34,ESX-FUTURE,3091.0,709,3091.0,2256,NOTHING
01:22:34,ESX-FUTURE,3091.0,2330,3091.0,635,NOTHING
01:22:36,ESX-FUTURE,3091.0,1602,3091.0,1363,NOTHING
01:22:37,ESX-FUTURE,3091.0,2180,3092.0,785,NOTHING
01:22:39,ESX-FUTURE,3091.0,571,3091.0,2394,NOTHING
01:22:40,ESX-FUTURE,3091.0,1938,3091.0,1027,NOTHING
01:22:42,ESX-FUTURE,3091.0,1985,3091.0,980,NOTHING
01:22:42,ESX-FUTURE,3091.0,1940,3091.0,1025,NOTHING
01:22:44,ESX-FUTURE,3091.0,192,3092.0,2773,NOTHING
01:22:44,ESX-FUTURE,3091.0,118,3092.0,2847,NOTHING
01:22:44,ESX-FUTURE,3091.0,2412,3091.0,553,NOTHING
01:22:46,ESX-FUTURE,3091.0,2108,3091.0,857,NOTHING
01:22:48,ESX-FUTURE,3091.0,1405,3091.0,1560,NOTHING
01:22:48,ESX-FUTURE,3091.0,2615,3091.0,350,NOTHING
01:22:49,ESX-FUTURE,3091.0,864,3091.0,2101,NOTHING
01:22:50,ESX-FUTURE,3091.0,1958,3091.0,1007,NOTHING
01:22:50,ESX-FUTURE,3091.0,1953,3091.0,1012,NOTHING
01:22:52,ESX-FUTURE,3091.0,2251,3091.0,714,NOTHING
01:22:53,ESX-FUTURE,3091.0,1602,3091.0,1363,NOTHING
01:22:54,ESX-FUTURE,3089.0,1206,3089.0,1759,NOTHING
01:22:56,ESX-FUTURE,3089.0,1646,3089.0,1319,NOTHING
01:22:58,ESX-FUTURE,3089.0,1512,3089.0,1453,NOTHING
01:22:59,ESX-FUTURE,3089.0,262,3089.0,2703,NOTHING
01:23:00,ESX-FUTURE,3089.0,34,3089.0,2931,NOTHING
01:23:01,ESX-FUTURE,3088.0,365,3089.0,2600,NOTHING
01:23:03,ESX-FUTURE,3088.0,458,3089.0,2507,NOTHING
01:23:03,ESX-FUTURE,3088.0,2814,3089.0,151,NOTHING
01:23:05,ESX-FUTURE,3089.0,1572,3089.0,1393,NOTHING
01:23:05,ESX-FUTURE,3089.0,1375,3089.0,1590,NOTHING
01:23:06,ESX-FUTURE,3089.0,2766,3089.0,199,NOTHING
01:23:08,ESX-FUTURE,3089.0,2443,3089.0,522,NOTHING
01:23:09,ESX-FUTURE,3090.0,2386,3090.0,579,NOTHING
01:23:10,ESX-FUTURE,3090.0,1329,3090.0,1636,NOTHING
01:23:11,ESX-FUTURE,3090.0,87,3090.0,2878,NOTHING
01:23:12,ESX-FUTURE,3090.0,169,3090.0,2796,NOTHING
01:23:14,ESX-FUTURE,3090.0,2114,3090.0,851,NOTHING
01:23:16,ESX-FUTURE,3091.0,830,3091.0,2135,NOTHING
01:23:17,ESX-FUTURE,3091.0,1488,3091.0,1477,NOTHING
01:23:19,ESX-FUTURE,3091.0,533,3091.0,2432,NOTHING
01:23:21,ESX-FUTURE,3091.0,2669,3091.0,296,NOTHING
01:23:22,ESX-FUTURE,3091.0,2007,3091.0,958,NOTHING
01:23:24,ESX-FUTURE,3091.0,117,3091.0,2848,NOTHING
01:23:25,ESX-FUTURE,3090.0,2264,3091.0,701,NOTHING
01:23:26,ESX-FUTURE,3090.0,2487,3091.0,478,NOTHING
01:23:27,ESX-FUTURE,3094.0,2728,3095.0,237,NOTHING
01:23:28,ESX-FUTURE,3094.0,2884,3094.0,81,NOTHING
01:23:29,ESX-FUTURE,3094.0,595,3095.0,2370,NOTHING
01:23:29,ESX-FUTURE,3092.0,2925,3093.0,40,NOTHING
01:23:30,ESX-FUTURE,3093.0,1748,3093.0,1217,NOTHING
01:23:31,ESX-FUTURE,3092.0,1801,3092.0,1164,NOTHING
01:23:32,ESX-FUTURE,3091.0,666,3092.0,2299,NOTHING
01:23:33,ESX-FUTURE,3092.0,1770,3092.0,1195,NOTHING
01:23:34,ESX-FUTURE,3092.0,2312,3092.0,653,NOTHING
01:23:36,ESX-FUTURE,3091.0,2448,3092.0,517,NOTHING
01:23:37,ESX-FUTURE,3091.0,2677,3092.0,288,NOTHING
01:23:38,ESX-FUTURE,3091.0,2540,3092.0,425,NOTHING
01:23:38,ESX-FUTURE,3091.0,2093,3092.0,872,NOTHING
01:23:39,ESX-FUTURE,3092.0,171,3092.0,2794,NOTHING
01:23:40,ESX-FUTURE,3092.0,724,3092.0,2241,NOTHING
01:23:41,ESX-FUTURE,3092.0,466,3093.0,2499,NOTHING
01:23:43,ESX-FUTURE,3092.0,2010,3092.0,955,NOTHING
01:23:43,ESX-FUTURE,3092.0,2863,3092.0,102,NOTHING
01:23:44,ESX-FUTURE,3092.0,175,3093.0,2790,NOTHING
01:23:46,ESX-FUTURE,3092.0,293,3093.0,2672,NOTHING
01:23:47,ESX-FUTURE,3092.0,2585,3092.0,380,NOTHING
01:23:48,ESX-FUTURE,3092.0,128,3092.0,2837,NOTHING
01:23:49,ESX-FUTURE,3092.0,129,3092.0,2836,NOTHING
01:23:50,ESX-FUTURE,3092.0,128,3092.0,2837,NOTHING
01:23:51,ESX-FUTURE,3092.0,128,3092.0,2837,NOTHING
01:23:53,ESX-FUTURE,3092.0,2506,3092.0,459,NOTHING
01:23:53,ESX-FUTURE,3092.0,2403,3092.0,562,NOTHING
01:23:55,ESX-FUTURE,3091.0,1623,3092.0,1342,NOTHING
01:23:56,ESX-FUTURE,3091.0,1627,3092.0,1338,NOTHING
01:23:57,ESX-FUTURE,3092.0,296,3092.0,2669,NOTHING
01:23:58,ESX-FUTURE,3092.0,522,3092.0,2443,NOTHING
01:23:59,ESX-FUTURE,3092.0,379,3092.0,2586,NOTHING
01:24:00,ESX-FUTURE,3092.0,850,3092.0,2115,NOTHING
01:24:01,ESX-FUTURE,3092.0,1550,3092.0,1415,NOTHING
01:24:01,ESX-FUTURE,3092.0,1641,3093.0,1324,NOTHING
01:24:02,ESX-FUTURE,3093.0,37,3093.0,2928,NOTHING
01:24:03,ESX-FUTURE,3092.0,2510,3092.0,455,NOTHING
01:24:04,ESX-FUTURE,3091.0,2939,3091.0,26,NOTHING
01:24:05,ESX-FUTURE,3094.0,1005,3094.0,1960,NOTHING
01:24:06,ESX-FUTURE,3094.0,704,3094.0,2261,NOTHING
01:24:08,ESX-FUTURE,3094.0,2892,3094.0,73,NOTHING
01:24:09,ESX-FUTURE,3094.0,2311,3094.0,654,NOTHING
01:24:10,ESX-FUTURE,3093.0,353,3094.0,2612,NOTHING
01:24:11,ESX-FUTURE,3093.0,1719,3094.0,1246,NOTHING
01:24:13,ESX-FUTURE,3093.0,1829,3094.0,1136,NOTHING
01:24:14,ESX-FUTURE,3093.0,2924,3094.0,41,NOTHING
01:24:15,ESX-FUTURE,3093.0,2904,3094.0,61,NOTHING
01:24:16,ESX-FUTURE,3093.0,2868,3094.0,97,NOTHING
01:24:18,ESX-FUTURE,3093.0,2865,3094.0,100,NOTHING
01:24:19,ESX-FUTURE,3094.0,296,3094.0,2669,NOTHING
01:24:20,ESX-FUTURE,3094.0,971,3094.0,1994,NOTHING
01:24:20,ESX-FUTURE,3094.0,973,3094.0,1992,NOTHING
01:24:21,ESX-FUTURE,3093.0,2489,3094.0,476,NOTHING
01:24:22,ESX-FUTURE,3094.0,2599,3094.0,366,NOTHING
01:24:23,ESX-FUTURE,3094.0,2809,3094.0,156,NOTHING
01:24:23,ESX-FUTURE,3094.0,427,3094.0,2538,NOTHING
01:24:25,ESX-FUTURE,3094.0,92,3094.0,2873,NOTHING
01:24:26,ESX-FUTURE,3091.0,1958,3091.0,1007,NOTHING
01:24:27,ESX-FUTURE,3091.0,610,3091.0,2355,NOTHING
01:24:28,ESX-FUTURE,3091.0,285,3091.0,2680,NOTHING
01:24:29,ESX-FUTURE,3091.0,1702,3092.0,1263,NOTHING
01:24:30,ESX-FUTURE,3091.0,1494,3092.0,1471,NOTHING
01:24:31,ESX-FUTURE,3091.0,1031,3091.0,1934,NOTHING
01:24:31,ESX-FUTURE,3091.0,2840,3091.0,125,NOTHING
01:24:31,ESX-FUTURE,3091.0,2752,3092.0,213,NOTHING
01:24:32,ESX-FUTURE,3091.0,2408,3092.0,557,NOTHING
01:24:34,ESX-FUTURE,3092.0,1670,3092.0,1295,NOTHING
01:24:35,ESX-FUTURE,3092.0,1392,3092.0,1573,NOTHING
01:24:36,ESX-FUTURE,3092.0,1040,3092.0,1925,NOTHING
01:24:37,ESX-FUTURE,3092.0,1041,3092.0,1924,NOTHING
01:24:38,ESX-FUTURE,3092.0,854,3092.0,2111,NOTHING
01:24:39,ESX-FUTURE,3092.0,608,3092.0,2357,NOTHING
01:24:39,ESX-FUTURE,3092.0,262,3092.0,2703,NOTHING
01:24:41,ESX-FUTURE,3092.0,880,3092.0,2085,NOTHING
01:24:41,ESX-FUTURE,3092.0,1212,3092.0,1753,NOTHING
01:24:43,ESX-FUTURE,3091.0,2619,3091.0,346,NOTHING
01:24:43,ESX-FUTURE,3091.0,593,3091.0,2372,NOTHING
01:24:44,ESX-FUTURE,3091.0,1106,3091.0,1859,NOTHING
01:24:45,ESX-FUTURE,3091.0,1676,3091.0,1289,NOTHING
01:24:47,ESX-FUTURE,3089.0,1813,3089.0,1152,NOTHING
01:24:49,ESX-FUTURE,3089.0,1451,3089.0,1514,NOTHING
01:24:50,ESX-FUTURE,3089.0,1527,3089.0,1438,NOTHING
01:24:51,ESX-FUTURE,3090.0,159,3090.0,2806,NOTHING
01:24:52,ESX-FUTURE,3090.0,1225,3090.0,1740,NOTHING
01:24:53,ESX-FUTURE,3090.0,2005,3090.0,960,NOTHING
01:24:54,ESX-FUTURE,3090.0,2086,3090.0,879,NOTHING
01:24:55,ESX-FUTURE,3090.0,221,3090.0,2744,NOTHING
01:24:56,ESX-FUTURE,3090.0,2037,3090.0,928,NOTHING
01:24:57,ESX-FUTURE,3090.0,1495,3090.0,1470,NOTHING
01:24:58,ESX-FUTURE,3089.0,2535,3089.0,430,NOTHING
01:24:58,ESX-FUTURE,3089.0,1632,3090.0,1333,NOTHING
01:24:58,ESX-FUTURE,3089.0,962,3090.0,2003,NOTHING
01:24:59,ESX-FUTURE,3089.0,1296,3089.0,1669,NOTHING
01:25:01,ESX-FUTURE,3089.0,841,3089.0,2124,NOTHING
01:25:02,ESX-FUTURE,3089.0,1267,3089.0,1698,NOTHING
01:25:02,ESX-FUTURE,3089.0,1107,3089.0,1858,NOTHING
01:25:03,ESX-FUTURE,3089.0,679,3089.0,2286,NOTHING
01:25:04,ESX-FUTURE,3089.0,1033,3089.0,1932,NOTHING
01:25:04,ESX-FUTURE,3089.0,439,3089.0,2526,NOTHING
01:25:05,ESX-FUTURE,3087.0,2282,3088.0,683,NOTHING
01:25:06,ESX-FUTURE,3087.0,2289,3088.0,676,NOTHING
01:25:08,ESX-FUTURE,3087.0,1810,3088.0,1155,NOTHING
01:25:08,ESX-FUTURE,3087.0,2394,3088.0,571,NOTHING
01:25:10,ESX-FUTURE,3088.0,856,3088.0,2109,NOTHING
01:25:11,ESX-FUTURE,3087.0,1232,3088.0,1733,NOTHING
01:25:13,ESX-FUTURE,3087.0,1184,3088.0,1781,NOTHING
01:25:13,ESX-FUTURE,3087.0,1495,3088.0,1470,NOTHING
01:25:14,ESX-FUTURE,3087.0,2251,3087.0,714,NOTHING
01:25:15,ESX-FUTURE,3087.0,2073,3087.0,892,NOTHING
01:25:16,ESX-FUTURE,3087.0,2303,3087.0,662,NOTHING
01:25:17,ESX-FUTURE,3087.0,1298,3087.0,1667,NOTHING
01:25:19,ESX-FUTURE,3087.0,1319,3087.0,1646,NOTHING
01:25:19,ESX-FUTURE,3087.0,486,3087.0,2479,NOTHING
01:25:20,ESX-FUTURE,3087.0,2834,3087.0,131,NOTHING
01:25:22,ESX-FUTURE,3087.0,2663,3087.0,302,NOTHING
01:25:23,ESX-FUTURE,3087.0,54,3088.0,2911,NOTHING
01:25:24,ESX-FUTURE,3087.0,76,3088.0,2889,NOTHING
01:25:24,ESX-FUTURE,3087.0,962,3087.0,2003,NOTHING
01:25:25,ESX-FUTURE,3087.0,612,3087.0,2353,NOTHING
01:25:26,ESX-FUTURE,3087.0,126,3087.0,2839,NOTHING
01:25:27,ESX-FUTURE,3087.0,90,3087.0,2875,NOTHING
01:25:29,ESX-FUTURE,3087.0,2030,3087.0,935,NOTHING
01:25:30,ESX-FUTURE,3087.0,2712,3087.0,253,NOTHING
01:25:31,ESX-FUTURE,3085.0,2326,3086.0,639,NOTHING
01:25:31,ESX-FUTURE,3085.0,536,3086.0,2429,NOTHING
01:25:33,ESX-FUTURE,3085.0,2242,3085.0,723,NOTHING
01:25:33,ESX-FUTURE,3085.0,2888,3085.0,77,NOTHING
01:25:35,ESX-FUTURE,3085.0,2863,3085.0,102,NOTHING
01:25:36,ESX-FUTURE,3085.0,1614,3086.0,1351,NOTHING
01:25:38,ESX-FUTURE,3086.0,1105,3087.0,1860,NOTHING
01:25:39,ESX-FUTURE,3086.0,1530,3086.0,1435,NOTHING
01:25:40,ESX-FUTURE,3086.0,1531,3086.0,1434,NOTHING
01:25:41,ESX-FUTURE,3086.0,1491,3086.0,1474,NOTHING
01:25:42,ESX-FUTURE,3085.0,2831,3086.0,134,NOTHING
01:25:43,ESX-FUTURE,3087.0,1826,3087.0,1139,NOTHING
01:25:44,ESX-FUTURE,3087.0,415,3088.0,2550,NOTHING
01:25:44,ESX-FUTURE,3087.0,313,3088.0,2652,NOTHING
01:25:45,ESX-FUTURE,3087.0,997,3087.0,1968,NOTHING
01:25:46,ESX-FUTURE,3087.0,2610,3087.0,355,NOTHING
01:25:47,ESX-FUTURE,3087.0,1186,3087.0,1779,NOTHING
01:25:47,ESX-FUTURE,3087.0,2807,3087.0,158,NOTHING
01:25:49,ESX-FUTURE,3087.0,2515,3087.0,450,NOTHING
01:25:50,ESX-FUTURE,3087.0,1761,3087.0,1204,NOTHING
01:25:51,ESX-FUTURE,3087.0,2542,3088.0,423,NOTHING
01:25:52,ESX-FUTURE,3088.0,599,3088.0,2366,NOTHING
01:25:53,ESX-FUTURE,3087.0,2465,3088.0,500,NOTHING
01:25:54,ESX-FUTURE,3087.0,2465,3088.0,500,NOTHING
01:25:56,ESX-FUTURE,3087.0,1858,3088.0,1107,NOTHING
01:25:57,ESX-FUTURE,3087.0,1325,3088.0,1640,NOTHING
01:25:58,ESX-FUTURE,3087.0,143,3088.0,2822,NOTHING
01:25:59,ESX-FUTURE,3087.0,1568,3088.0,1397,NOTHING
01:26:00,ESX-FUTURE,3088.0,2207,3088.0,758,NOTHING
01:26:01,ESX-FUTURE,3090.0,1385,3090.0,1580,NOTHING
01:26:01,ESX-FUTURE,3090.0,1581,3090.0,1384,NOTHING
01:26:02,ESX-FUTURE,3090.0,1477,3090.0,1488,NOTHING
01:26:04,ESX-FUTURE,3092.0,192,3092.0,2773,NOTHING
01:26:04,ESX-FUTURE,3092.0,1705,3092.0,1260,NOTHING
01:26:06,ESX-FUTURE,3091.0,1742,3091.0,1223,NOTHING
01:26:07,ESX-FUTURE,3091.0,1411,3091.0,1554,NOTHING
01:26:07,ESX-FUTURE,3091.0,517,3092.0,2448,NOTHING
01:26:08,ESX-FUTURE,3095.0,2145,3095.0,820,NOTHING
01:26:09,ESX-FUTURE,3095.0,912,3096.0,2053,NOTHING
01:26:11,ESX-FUTURE,3095.0,2087,3096.0,878,NOTHING
01:26:12,ESX-FUTURE,3096.0,2515,3096.0,450,NOTHING
01:26:13,ESX-FUTURE,3096.0,1017,3096.0,1948,NOTHING
01:26:13,ESX-FUTURE,3096.0,1138,3096.0,1827,NOTHING
01:26:15,ESX-FUTURE,3096.0,629,3096.0,2336,NOTHING
01:26:16,ESX-FUTURE,3096.0,817,3096.0,2148,NOTHING
01:26:17,ESX-FUTURE,3097.0,1741,3097.0,1224,NOTHING
01:26:19,ESX-FUTURE,3097.0,2536,3097.0,429,NOTHING
01:26:20,ESX-FUTURE,3097.0,1735,3097.0,1230,NOTHING
01:26:21,ESX-FUTURE,3096.0,2302,3097.0,663,NOTHING
01:26:23,ESX-FUTURE,3096.0,1947,3097.0,1018,NOTHING
01:26:23,ESX-FUTURE,3096.0,2309,3096.0,656,NOTHING
01:26:24,ESX-FUTURE,3096.0,363,3097.0,2602,NOTHING
01:26:26,ESX-FUTURE,3097.0,765,3097.0,2200,NOTHING
01:26:26,ESX-FUTURE,3097.0,975,3097.0,1990,NOTHING
01:26:27,ESX-FUTURE,3099.0,1039,3100.0,1926,NOTHING
01:26:28,ESX-FUTURE,3099.0,2510,3099.0,455,NOTHING
01:26:30,ESX-FUTURE,3099.0,707,3100.0,2258,NOTHING
01:26:31,ESX-FUTURE,3099.0,314,3100.0,2651,NOTHING
01:26:32,ESX-FUTURE,3099.0,2507,3100.0,458,NOTHING
01:26:33,ESX-FUTURE,3099.0,2343,3100.0,622,NOTHING
01:26:34,ESX-FUTURE,3099.0,989,3100.0,1976,NOTHING
01:26:36,ESX-FUTURE,3099.0,742,3100.0,2223,NOTHING
01:26:38,ESX-FUTURE,3099.0,165,3099.0,2800,NOTHING
01:26:39,ESX-FUTURE,3099.0,1682,3099.0,1283,NOTHING
01:26:40,ESX-FUTURE,3099.0,858,3100.0,2107,NOTHING
01:26:42,ESX-FUTURE,3099.0,876,3100.0,2089,NOTHING
01:26:42,ESX-FUTURE,3099.0,890,3100.0,2075,NOTHING
01:26:44,ESX-FUTURE,3098.0,514,3099.0,2451,NOTHING
01:26:45,ESX-FUTURE,3098.0,169,3099.0,2796,NOTHING
01:26:47,ESX-FUTURE,3098.0,195,3099.0,2770,NOTHING
01:26:49,ESX-FUTURE,3099.0,672,3100.0,2293,NOTHING
01:26:49,ESX-FUTURE,3099.0,308,3100.0,2657,NOTHING
01:26:50,ESX-FUTURE,3099.0,2112,3100.0,853,NOTHING
01:26:51,ESX-FUTURE,3099.0,2057,3100.0,908,NOTHING
01:26:52,ESX-FUTURE,3099.0,2077,3100.0,888,NOTHING
01:26:54,ESX-FUTURE,3099.0,1422,3100.0,1543,NOTHING
01:26:54,ESX-FUTURE,3100.0,1152,3100.0,1813,NOTHING
01:26:55,ESX-FUTURE,3100.0,2174,3100.0,791,NOTHING
01:26:56,ESX-FUTURE,3100.0,461,3100.0,2504,NOTHING
01:26:58,ESX-FUTURE,3100.0,342,3100.0,2623,NOTHING
01:26:59,ESX-FUTURE,3100.0,233,3100.0,2732,NOTHING
01:27:00,ESX-FUTURE,3100.0,1779,3100.0,1186,NOTHING
01:27:01,ESX-FUTURE,3100.0,2330,3100.0,635,NOTHING
01:27:03,ESX-FUTURE,3100.0,2393,3100.0,572,NOTHING
01:27:03,ESX-FUTURE,3100.0,2530,3100.0,435,NOTHING
01:27:05,ESX-FUTURE,3100.0,2508,3100.0,457,NOTHING
01:27:06,ESX-FUTURE,3100.0,2475,3100.0,490,NOTHING
01:27:07,ESX-FUTURE,3100.0,2806,3100.0,159,NOTHING
01:27:07,ESX-FUTURE,3100.0,1700,3100.0,1265,NOTHING
01:27:08,ESX-FUTURE,3100.0,186,3101.0,2779,NOTHING
01:27:09,ESX-FUTURE,3100.0,1626,3100.0,1339,NOTHING
01:27:09,ESX-FUTURE,3100.0,1633,3100.0,1332,NOTHING
01:27:10,ESX-FUTURE,3100.0,1470,3101.0,1495,NOTHING
01:27:12,ESX-FUTURE,3100.0,2796,3100.0,169,NOTHING
01:27:13,ESX-FUTURE,3101.0,2352,3101.0,613,NOTHING
01:27:14,ESX-FUTURE,3101.0,1568,3101.0,1397,NOTHING
01:27:15,ESX-FUTURE,3101.0,164,3101.0,2801,NOTHING
01:27:16,ESX-FUTURE,3101.0,293,3101.0,2672,NOTHING
01:27:16,ESX-FUTURE,3101.0,109,3101.0,2856,NOTHING
01:27:17,ESX-FUTURE,3101.0,1959,3101.0,1006,NOTHING
01:27:18,ESX-FUTURE,3101.0,2300,3101.0,665,NOTHING
01:27:20,ESX-FUTURE,3101.0,1335,3101.0,1630,NOTHING
01:27:21,ESX-FUTURE,3100.0,94,3100.0,2871,NOTHING
01:27:22,ESX-FUTURE,3100.0,699,3100.0,2266,NOTHING
01:27:24,ESX-FUTURE,3100.0,699,3100.0,2266,NOTHING
01:27:24,ESX-FUTURE,3100.0,639,3100.0,2326,NOTHING
01:27:25,ESX-FUTURE,3100.0,623,3100.0,2342,NOTHING
01:27:26,ESX-FUTURE,3100.0,407,3100.0,2558,NOTHING
01:27:27,ESX-FUTURE,3100.0,426,3100.0,2539,NOTHING
01:27:29,ESX-FUTURE,3100.0,2222,3100.0,743,NOTHING
01:27:30,ESX-FUTURE,3100.0,2201,3100.0,764,NOTHING
01:27:31,ESX-FUTURE,3100.0,961,3100.0,2004,NOTHING
01:27:32,ESX-FUTURE,3100.0,1673,3100.0,1292,NOTHING
01:27:33,ESX-FUTURE,3100.0,1673,3100.0,1292,NOTHING
01:27:34,ESX-FUTURE,3100.0,1499,3100.0,1466,NOTHING
01:27:36,ESX-FUTURE,3101.0,1499,3101.0,1466,NOTHING
01:27:37,ESX-FUTURE,3101.0,2088,3101.0,877,NOTHING
01:27:37,ESX-FUTURE,3101.0,2293,3101.0,672,NOTHING
01:27:39,ESX-FUTURE,3101.0,2339,3101.0,626,NOTHING
01:27:41,ESX-FUTURE,3101.0,392,3101.0,2573,NOTHING
01:27:42,ESX-FUTURE,3101.0,602,3101.0,2363,NOTHING
01:27:43,ESX-FUTURE,3101.0,249,3101.0,2716,NOTHING
01:27:44,ESX-FUTURE,3101.0,733,3101.0,2232,NOTHING
01:27:44,ESX-FUTURE,3101.0,571,3101.0,2394,NOTHING
01:27:45,ESX-FUTURE,3101.0,912,3101.0,2053,NOTHING
01:27:46,ESX-FUTURE,3101.0,2048,3101.0,917,NOTHING
01:27:47,ESX-FUTURE,3102.0,1413,3102.0,1552,NOTHING
01:27:48,ESX-FUTURE,3102.0,1511,3102.0,1454,NOTHING
01:27:50,ESX-FUTURE,3102.0,1375,3102.0,1590,NOTHING
01:27:51,ESX-FUTURE,3103.0,837,3103.0,2128,NOTHING
01:27:52,ESX-FUTURE,3103.0,2157,3103.0,808,NOTHING
01:27:52,ESX-FUTURE,3103.0,675,3103.0,2290,NOTHING
01:27:53,ESX-FUTURE,3103.0,923,3103.0,2042,NOTHING
01:27:54,ESX-FUTURE,3102.0,1240,3103.0,1725,NOTHING
01:27:55,ESX-FUTURE,3102.0,2131,3103.0,834,NOTHING
01:27:55,ESX-FUTURE,3102.0,1226,3103.0,1739,NOTHING
01:27:57,ESX-FUTURE,3103.0,2921,3103.0,44,NOTHING
01:27:58,ESX-FUTURE,3103.0,2336,3103.0,629,NOTHING
01:27:59,ESX-FUTURE,3103.0,2332,3103.0,633,NOTHING
01:28:00,ESX-FUTURE,3103.0,2247,3103.0,718,NOTHING
01:28:01,ESX-FUTURE,3104.0,802,3104.0,2163,NOTHING
01:28:03,ESX-FUTURE,3103.0,2627,3104.0,338,NOTHING
01:28:03,ESX-FUTURE,3104.0,176,3104.0,2789,NOTHING
01:28:05,ESX-FUTURE,3104.0,2011,3104.0,954,NOTHING
01:28:06,ESX-FUTURE,3104.0,2564,3104.0,401,NOTHING
01:28:06,ESX-FUTURE,3104.0,1390,3105.0,1575,NOTHING
01:28:07,ESX-FUTURE,3105.0,310,3105.0,2655,NOTHING
01:28:08,ESX-FUTURE,3105.0,81,3105.0,2884,NOTHING
01:28:09,ESX-FUTURE,3105.0,2616,3105.0,349,NOTHING
01:28:11,ESX-FUTURE,3105.0,2688,3105.0,277,NOTHING
01:28:11,ESX-FUTURE,3105.0,2817,3105.0,148,NOTHING
01:28:13,ESX-FUTURE,3105.0,671,3105.0,2294,NOTHING
01:28:13,ESX-FUTURE,3105.0,602,3105.0,2363,NOTHING
01:28:14,ESX-FUTURE,3105.0,2298,3105.0,667,NOTHING
01:28:15,ESX-FUTURE,3105.0,2899,3105.0,66,NOTHING
01:28:16,ESX-FUTURE,3105.0,2207,3105.0,758,NOTHING
01:28:16,ESX-FUTURE,3105.0,2130,3105.0,835,NOTHING
01:28:18,ESX-FUTURE,3105.0,137,3106.0,2828,NOTHING
01:28:20,ESX-FUTURE,3105.0,91,3106.0,2874,NOTHING
01:28:21,ESX-FUTURE,3105.0,424,3106.0,2541,NOTHING
01:28:22,ESX-FUTURE,3107.0,177,3107.0,2788,NOTHING
01:28:23,ESX-FUTURE,3106.0,1806,3107.0,1159,NOTHING
01:28:24,ESX-FUTURE,3106.0,1824,3107.0,1141,NOTHING
01:28:25,ESX-FUTURE,3106.0,1825,3107.0,1140,NOTHING
01:28:26,ESX-FUTURE,3106.0,1410,3107.0,1555,NOTHING
01:28:27,ESX-FUTURE,3108.0,14,3108.0,2951,NOTHING
01:28:28,ESX-FUTURE,3108.0,2664,3108.0,301,NOTHING
01:28:29,ESX-FUTURE,3108.0,1663,3108.0,1302,NOTHING
01:28:31,ESX-FUTURE,3108.0,1462,3108.0,1503,NOTHING
01:28:31,ESX-FUTURE,3106.0,1946,3106.0,1019,NOTHING
01:28:32,ESX-FUTURE,3106.0,9,3107.0,2956,NOTHING
01:28:33,ESX-FUTURE,3105.0,1742,3105.0,1223,NOTHING
01:28:35,ESX-FUTURE,3105.0,1873,3105.0,1092,NOTHING
01:28:35,ESX-FUTURE,3105.0,2325,3105.0,640,NOTHING
01:28:36,ESX-FUTURE,3105.0,1624,3105.0,1341,NOTHING
01:28:38,ESX-FUTURE,3106.0,1125,3106.0,1840,NOTHING
01:28:40,ESX-FUTURE,3105.0,2394,3106.0,571,NOTHING
01:28:40,ESX-FUTURE,3105.0,2773,3106.0,192,NOTHING
01:28:41,ESX-FUTURE,3106.0,2828,3106.0,137,NOTHING
01:28:42,ESX-FUTURE,3106.0,2496,3106.0,469,NOTHING
01:28:43,ESX-FUTURE,3106.0,2341,3106.0,624,NOTHING
01:28:45,ESX-FUTURE,3106.0,1800,3106.0,1165,NOTHING
01:28:45,ESX-FUTURE,3106.0,1906,3106.0,1059,NOTHING
01:28:45,ESX-FUTURE,3105.0,936,3106.0,2029,NOTHING
01:28:46,ESX-FUTURE,3105.0,2388,3106.0,577,NOTHING
01:28:47,ESX-FUTURE,3106.0,1580,3106.0,1385,NOTHING
01:28:47,ESX-FUTURE,3106.0,1905,3106.0,1060,NOTHING
01:28:48,ESX-FUTURE,3104.0,419,3105.0,2546,NOTHING
01:28:49,ESX-FUTURE,3105.0,2507,3105.0,458,NOTHING
01:28:51,ESX-FUTURE,3105.0,2115,3105.0,850,NOTHING
01:28:52,ESX-FUTURE,3105.0,2030,3105.0,935,NOTHING
01:28:54,ESX-FUTURE,3105.0,2735,3105.0,230,NOTHING
01:28:55,ESX-FUTURE,3105.0,2422,3105.0,543,NOTHING
01:28:57,ESX-FUTURE,3105.0,1724,3105.0,1241,NOTHING
01:28:58,ESX-FUTURE,3105.0,1379,3105.0,1586,NOTHING
01:28:59,ESX-FUTURE,3105.0,539,3105.0,2426,NOTHING
01:29:01,ESX-FUTURE,3105.0,466,3105.0,2499,NOTHING
01:29:01,ESX-FUTURE,3105.0,2067,3105.0,898,NOTHING
01:29:03,ESX-FUTURE,3104.0,1201,3104.0,1764,NOTHING
01:29:03,ESX-FUTURE,3104.0,1228,3104.0,1737,NOTHING
01:29:05,ESX-FUTURE,3104.0,1691,3104.0,1274,NOTHING
01:29:07,ESX-FUTURE,3104.0,1167,3104.0,1798,NOTHING
01:29:07,ESX-FUTURE,3104.0,1139,3104.0,1826,NOTHING
01:29:09,ESX-FUTURE,3104.0,1489,3104.0,1476,NOTHING
01:29:11,ESX-FUTURE,3105.0,788,3105.0,2177,NOTHING
01:29:11,ESX-FUTURE,3104.0,2024,3104.0,941,NOTHING
01:29:12,ESX-FUTURE,3104.0,1939,3104.0,1026,NOTHING
01:29:13,ESX-FUTURE,3105.0,2566,3105.0,399,NOTHING
01:29:14,ESX-FUTURE,3105.0,2563,3105.0,402,NOTHING
01:29:16,ESX-FUTURE,3105.0,741,3105.0,2224,NOTHING
01:29:17,ESX-FUTURE,3105.0,681,3105.0,2284,NOTHING
01:29:26,ESX-FUTURE,3105.0,1413,3105.0,1552,NOTHING
01:29:26,ESX-FUTURE,3105.0,1601,3105.0,1364,NOTHING
01:29:26,ESX-FUTURE,3106.0,491,3106.0,2474,NOTHING
01:29:26,ESX-FUTURE,3106.0,1239,3106.0,1726,NOTHING
01:29:26,ESX-FUTURE,3106.0,82,3106.0,2883,NOTHING
01:29:26,ESX-FUTURE,3105.0,2943,3106.0,22,NOTHING
01:29:26,ESX-FUTURE,3106.0,96,3106.0,2869,NOTHING
01:29:26,ESX-FUTURE,3106.0,137,3106.0,2828,NOTHING
01:29:27,ESX-FUTURE,3106.0,2692,3106.0,273,NOTHING
01:29:28,ESX-FUTURE,3106.0,2685,3106.0,280,NOTHING
01:29:30,ESX-FUTURE,3106.0,2851,3106.0,114,NOTHING
01:29:33,ESX-FUTURE,3106.0,2856,3106.0,109,NOTHING
01:29:33,ESX-FUTURE,3106.0,2877,3106.0,88,NOTHING
01:29:33,ESX-FUTURE,3106.0,2878,3106.0,87,NOTHING
01:29:33,ESX-FUTURE,3106.0,2863,3106.0,102,NOTHING
01:29:35,ESX-FUTURE,3106.0,2833,3106.0,132,NOTHING
01:29:36,ESX-FUTURE,3105.0,652,3106.0,2313,NOTHING
01:29:37,ESX-FUTURE,3105.0,2511,3106.0,454,NOTHING
01:29:38,ESX-FUTURE,3105.0,2665,3106.0,300,NOTHING
01:29:39,ESX-FUTURE,3105.0,1537,3106.0,1428,NOTHING
01:29:40,ESX-FUTURE,3107.0,913,3107.0,2052,NOTHING
01:29:41,ESX-FUTURE,3107.0,1004,3107.0,1961,NOTHING
01:29:42,ESX-FUTURE,3107.0,827,3107.0,2138,NOTHING
01:29:43,ESX-FUTURE,3107.0,779,3107.0,2186,NOTHING
01:29:43,ESX-FUTURE,3107.0,1305,3107.0,1660,NOTHING
01:29:46,ESX-FUTURE,3107.0,1315,3107.0,1650,NOTHING
01:29:47,ESX-FUTURE,3107.0,182,3107.0,2783,NOTHING
01:29:47,ESX-FUTURE,3107.0,1773,3107.0,1192,NOTHING
01:29:49,ESX-FUTURE,3107.0,1342,3107.0,1623,NOTHING
01:29:50,ESX-FUTURE,3106.0,2111,3107.0,854,NOTHING
01:29:51,ESX-FUTURE,3107.0,165,3107.0,2800,NOTHING
01:29:53,ESX-FUTURE,3107.0,2523,3107.0,442,NOTHING
01:29:54,ESX-FUTURE,3108.0,1726,3108.0,1239,NOTHING
01:29:54,ESX-FUTURE,3108.0,1821,3108.0,1144,NOTHING
01:29:55,ESX-FUTURE,3108.0,2928,3108.0,37,NOTHING
01:29:56,ESX-FUTURE,3108.0,2383,3108.0,582,NOTHING
01:29:58,ESX-FUTURE,3108.0,518,3109.0,2447,NOTHING
01:29:58,ESX-FUTURE,3109.0,1601,3109.0,1364,NOTHING
01:29:58,ESX-FUTURE,3109.0,146,3109.0,2819,NOTHING
01:29:59,ESX-FUTURE,3109.0,680,3110.0,2285,NOTHING
01:30:00,ESX-FUTURE,3109.0,2202,3110.0,763,NOTHING
01:30:00,ESX-FUTURE,3109.0,264,3109.0,2701,NOTHING
01:30:01,ESX-FUTURE,3109.0,745,3109.0,2220,NOTHING
01:30:03,ESX-FUTURE,3109.0,42,3109.0,2923,NOTHING
01:30:04,ESX-FUTURE,3109.0,795,3109.0,2170,NOTHING
01:30:06,ESX-FUTURE,3109.0,1161,3109.0,1804,NOTHING
01:30:07,ESX-FUTURE,3109.0,428,3109.0,2537,NOTHING
01:30:09,ESX-FUTURE,3108.0,2906,3109.0,59,NOTHING
01:30:10,ESX-FUTURE,3108.0,2063,3109.0,902,NOTHING
01:30:11,ESX-FUTURE,3109.0,1015,3109.0,1950,NOTHING
01:30:12,ESX-FUTURE,3109.0,1337,3109.0,1628,NOTHING
01:30:13,ESX-FUTURE,3110.0,1763,3110.0,1202,NOTHING
01:30:14,ESX-FUTURE,3110.0,2581,3110.0,384,NOTHING
01:30:15,ESX-FUTURE,3111.0,1609,3111.0,1356,NOTHING
01:30:16,ESX-FUTURE,3111.0,1155,3111.0,1810,NOTHING
01:30:17,ESX-FUTURE,3111.0,331,3111.0,2634,NOTHING
01:30:18,ESX-FUTURE,3111.0,2944,3111.0,21,NOTHING
01:30:19,ESX-FUTURE,3111.0,74,3111.0,2891,NOTHING
01:30:20,ESX-FUTURE,3111.0,2418,3111.0,547,NOTHING
01:30:21,ESX-FUTURE,3111.0,1937,3112.0,1028,NOTHING
01:30:22,ESX-FUTURE,3111.0,1936,3112.0,1029,NOTHING
01:30:23,ESX-FUTURE,3111.0,1423,3111.0,1542,NOTHING
01:30:24,ESX-FUTURE,3111.0,1346,3111.0,1619,NOTHING
01:30:24,ESX-FUTURE,3111.0,1324,3111.0,1641,NOTHING
01:30:26,ESX-FUTURE,3113.0,604,3113.0,2361,NOTHING
01:30:27,ESX-FUTURE,3113.0,1037,3113.0,1928,NOTHING
01:30:28,ESX-FUTURE,3113.0,725,3113.0,2240,NOTHING
01:30:28,ESX-FUTURE,3113.0,648,3113.0,2317,NOTHING
01:30:29,ESX-FUTURE,3113.0,2001,3113.0,964,NOTHING
01:30:31,ESX-FUTURE,3113.0,2021,3113.0,944,NOTHING
01:30:31,ESX-FUTURE,3113.0,2038,3113.0,927,NOTHING
01:30:33,ESX-FUTURE,3113.0,2693,3113.0,272,NOTHING
01:30:33,ESX-FUTURE,3113.0,2722,3113.0,243,NOTHING
01:30:35,ESX-FUTURE,3112.0,921,3112.0,2044,NOTHING
01:30:36,ESX-FUTURE,3112.0,1493,3112.0,1472,NOTHING
01:30:37,ESX-FUTURE,3112.0,1855,3113.0,1110,NOTHING
01:30:38,ESX-FUTURE,3112.0,2906,3113.0,59,NOTHING
01:30:39,ESX-FUTURE,3113.0,238,3113.0,2727,NOTHING
01:30:40,ESX-FUTURE,3113.0,1606,3113.0,1359,NOTHING
01:30:42,ESX-FUTURE,3112.0,2218,3113.0,747,NOTHING
01:30:42,ESX-FUTURE,3112.0,2116,3113.0,849,NOTHING
01:30:43,ESX-FUTURE,3112.0,2160,3113.0,805,NOTHING
01:30:44,ESX-FUTURE,3112.0,2231,3113.0,734,NOTHING
01:30:45,ESX-FUTURE,3112.0,588,3112.0,2377,NOTHING
01:30:46,ESX-FUTURE,3111.0,2751,3112.0,214,NOTHING
01:30:48,ESX-FUTURE,3111.0,2429,3112.0,536,NOTHING
01:30:49,ESX-FUTURE,3112.0,727,3112.0,2238,NOTHING
01:30:50,ESX-FUTURE,3112.0,605,3112.0,2360,NOTHING
01:30:51,ESX-FUTURE,3112.0,910,3112.0,2055,NOTHING
01:30:51,ESX-FUTURE,3111.0,235,3112.0,2730,NOTHING
01:30:52,ESX-FUTURE,3111.0,211,3112.0,2754,NOTHING
01:30:53,ESX-FUTURE,3111.0,650,3112.0,2315,NOTHING
01:30:55,ESX-FUTURE,3111.0,381,3112.0,2584,NOTHING
01:30:56,ESX-FUTURE,3111.0,1431,3111.0,1534,NOTHING
01:30:57,ESX-FUTURE,3111.0,439,3111.0,2526,NOTHING
01:30:58,ESX-FUTURE,3111.0,1702,3111.0,1263,NOTHING
01:30:58,ESX-FUTURE,3110.0,511,3110.0,2454,NOTHING
01:30:59,ESX-FUTURE,3110.0,103,3110.0,2862,NOTHING
01:31:00,ESX-FUTURE,3110.0,2860,3110.0,105,NOTHING
01:31:02,ESX-FUTURE,3110.0,1995,3110.0,970,NOTHING
01:31:03,ESX-FUTURE,3110.0,2528,3110.0,437,NOTHING
01:31:05,ESX-FUTURE,3110.0,2722,3110.0,243,NOTHING
01:31:06,ESX-FUTURE,3110.0,1276,3110.0,1689,NOTHING
01:31:07,ESX-FUTURE,3110.0,817,3111.0,2148,NOTHING
01:31:09,ESX-FUTURE,3110.0,2271,3110.0,694,NOTHING
01:31:11,ESX-FUTURE,3110.0,1901,3110.0,1064,NOTHING
01:31:11,ESX-FUTURE,3110.0,1957,3110.0,1008,NOTHING
01:31:12,ESX-FUTURE,3110.0,2516,3110.0,449,NOTHING
01:31:13,ESX-FUTURE,3110.0,2593,3110.0,372,NOTHING
01:31:15,ESX-FUTURE,3110.0,154,3111.0,2811,NOTHING
01:31:16,ESX-FUTURE,3110.0,171,3111.0,2794,NOTHING
01:31:18,ESX-FUTURE,3110.0,2371,3111.0,594,NOTHING
01:31:18,ESX-FUTURE,3110.0,2217,3111.0,748,NOTHING
01:31:19,ESX-FUTURE,3111.0,2117,3111.0,848,NOTHING
01:31:20,ESX-FUTURE,3110.0,2884,3111.0,81,NOTHING
01:31:20,ESX-FUTURE,3110.0,617,3110.0,2348,NOTHING
01:31:22,ESX-FUTURE,3110.0,648,3110.0,2317,NOTHING
01:31:23,ESX-FUTURE,3110.0,568,3110.0,2397,NOTHING
01:31:24,ESX-FUTURE,3110.0,2704,3111.0,261,NOTHING
01:31:25,ESX-FUTURE,3111.0,1486,3111.0,1479,NOTHING
01:31:26,ESX-FUTURE,3111.0,1068,3111.0,1897,NOTHING
01:31:27,ESX-FUTURE,3111.0,1425,3111.0,1540,NOTHING
01:31:28,ESX-FUTURE,3111.0,780,3111.0,2185,NOTHING
01:31:29,ESX-FUTURE,3112.0,1562,3112.0,1403,NOTHING
01:31:29,ESX-FUTURE,3112.0,34,3112.0,2931,NOTHING
01:31:31,ESX-FUTURE,3112.0,947,3112.0,2018,NOTHING
01:31:32,ESX-FUTURE,3112.0,869,3112.0,2096,NOTHING
01:31:33,ESX-FUTURE,3112.0,1227,3112.0,1738,NOTHING
01:31:33,ESX-FUTURE,3112.0,1001,3112.0,1964,NOTHING
01:31:33,ESX-FUTURE,3111.0,1536,3112.0,1429,NOTHING
01:31:34,ESX-FUTURE,3111.0,310,3112.0,2655,NOTHING
01:31:35,ESX-FUTURE,3111.0,384,3112.0,2581,NOTHING
01:31:37,ESX-FUTURE,3111.0,178,3112.0,2787,NOTHING
01:31:38,ESX-FUTURE,3111.0,340,3112.0,2625,NOTHING
01:31:39,ESX-FUTURE,3111.0,2635,3112.0,330,NOTHING
01:31:39,ESX-FUTURE,3111.0,2779,3111.0,186,NOTHING
01:31:41,ESX-FUTURE,3112.0,2182,3112.0,783,NOTHING
01:31:42,ESX-FUTURE,3112.0,1837,3112.0,1128,NOTHING
01:31:44,ESX-FUTURE,3112.0,2787,3112.0,178,NOTHING
01:31:44,ESX-FUTURE,3111.0,2199,3112.0,766,NOTHING
01:31:45,ESX-FUTURE,3112.0,961,3112.0,2004,NOTHING
01:31:47,ESX-FUTURE,3112.0,1083,3112.0,1882,NOTHING
01:31:47,ESX-FUTURE,3112.0,1099,3112.0,1866,NOTHING
01:31:48,ESX-FUTURE,3112.0,153,3112.0,2812,NOTHING
01:31:49,ESX-FUTURE,3113.0,1932,3113.0,1033,NOTHING
01:31:50,ESX-FUTURE,3113.0,1589,3113.0,1376,NOTHING
01:31:51,ESX-FUTURE,3113.0,2690,3113.0,275,NOTHING
01:31:52,ESX-FUTURE,3113.0,2674,3113.0,291,NOTHING
01:31:53,ESX-FUTURE,3113.0,1611,3113.0,1354,NOTHING
01:31:55,ESX-FUTURE,3113.0,892,3113.0,2073,NOTHING
01:31:55,ESX-FUTURE,3113.0,1667,3113.0,1298,NOTHING
01:31:56,ESX-FUTURE,3113.0,1679,3113.0,1286,NOTHING
01:31:57,ESX-FUTURE,3113.0,1788,3113.0,1177,NOTHING
01:31:59,ESX-FUTURE,3113.0,1481,3113.0,1484,NOTHING
01:32:00,ESX-FUTURE,3114.0,2417,3114.0,548,NOTHING
01:32:02,ESX-FUTURE,3113.0,2335,3114.0,630,NOTHING
01:32:03,ESX-FUTURE,3112.0,2377,3112.0,588,NOTHING
01:32:04,ESX-FUTURE,3112.0,904,3112.0,2061,NOTHING
01:32:05,ESX-FUTURE,3112.0,709,3112.0,2256,NOTHING
01:32:06,ESX-FUTURE,3113.0,87,3113.0,2878,NOTHING
01:32:07,ESX-FUTURE,3113.0,63,3113.0,2902,NOTHING
01:32:07,ESX-FUTURE,3113.0,2066,3113.0,899,NOTHING
01:32:09,ESX-FUTURE,3113.0,15,3113.0,2950,NOTHING
01:32:11,ESX-FUTURE,3113.0,2160,3113.0,805,NOTHING
01:32:12,ESX-FUTURE,3113.0,2486,3113.0,479,NOTHING
01:32:13,ESX-FUTURE,3113.0,2610,3113.0,355,NOTHING
01:32:14,ESX-FUTURE,3112.0,434,3113.0,2531,NOTHING
01:32:15,ESX-FUTURE,3112.0,1873,3112.0,1092,NOTHING
01:32:17,ESX-FUTURE,3112.0,1734,3112.0,1231,NOTHING
01:32:18,ESX-FUTURE,3113.0,128,3113.0,2837,NOTHING
01:32:19,ESX-FUTURE,3113.0,166,3113.0,2799,NOTHING
01:32:20,ESX-FUTURE,3112.0,1885,3112.0,1080,NOTHING
01:32:21,ESX-FUTURE,3112.0,1249,3112.0,1716,NOTHING
01:32:21,ESX-FUTURE,3113.0,2253,3113.0,712,NOTHING
01:32:23,ESX-FUTURE,3113.0,1605,3113.0,1360,NOTHING
01:32:24,ESX-FUTURE,3113.0,1079,3114.0,1886,NOTHING
01:32:25,ESX-FUTURE,3113.0,985,3114.0,1980,NOTHING
01:32:25,ESX-FUTURE,3113.0,1253,3114.0,1712,NOTHING
01:32:25,ESX-FUTURE,3114.0,701,3114.0,2264,NOTHING
01:32:26,ESX-FUTURE,3114.0,2819,3114.0,146,NOTHING
01:32:27,ESX-FUTURE,3114.0,2813,3114.0,152,NOTHING
01:32:28,ESX-FUTURE,3114.0,26,3114.0,2939,NOTHING
01:32:29,ESX-FUTURE,3114.0,457,3114.0,2508,NOTHING
01:32:31,ESX-FUTURE,3114.0,1394,3114.0,1571,NOTHING
01:32:32,ESX-FUTURE,3114.0,1435,3114.0,1530,NOTHING
01:32:32,ESX-FUTURE,3114.0,2715,3114.0,250,NOTHING
01:32:33,ESX-FUTURE,3114.0,1015,3114.0,1950,NOTHING
01:32:35,ESX-FUTURE,3114.0,197,3114.0,2768,NOTHING
01:32:37,ESX-FUTURE,3114.0,94,3114.0,2871,NOTHING
01:32:38,ESX-FUTURE,3113.0,1781,3114.0,1184,NOTHING
01:32:38,ESX-FUTURE,3113.0,1026,3114.0,1939,NOTHING
01:32:39,ESX-FUTURE,3113.0,941,3113.0,2024,NOTHING
01:32:41,ESX-FUTURE,3113.0,1652,3113.0,1313,NOTHING
01:32:43,ESX-FUTURE,3111.0,1222,3112.0,1743,NOTHING
01:32:44,ESX-FUTURE,3111.0,2394,3112.0,571,NOTHING
01:32:45,ESX-FUTURE,3111.0,1282,3112.0,1683,NOTHING
01:32:46,ESX-FUTURE,3111.0,1258,3112.0,1707,NOTHING
01:32:48,ESX-FUTURE,3112.0,1041,3113.0,1924,NOTHING
01:32:49,ESX-FUTURE,3112.0,1589,3113.0,1376,NOTHING
01:32:49,ESX-FUTURE,3112.0,2286,3113.0,679,NOTHING
01:32:51,ESX-FUTURE,3113.0,486,3113.0,2479,NOTHING
01:32:51,ESX-FUTURE,3112.0,2945,3112.0,20,NOTHING
01:32:52,ESX-FUTURE,3112.0,1092,3113.0,1873,NOTHING
01:32:54,ESX-FUTURE,3115.0,2103,3115.0,862,NOTHING
01:32:55,ESX-FUTURE,3116.0,1154,3116.0,1811,NOTHING
01:32:55,ESX-FUTURE,3116.0,1503,3116.0,1462,NOTHING
01:32:56,ESX-FUTURE,3116.0,1979,3116.0,986,NOTHING
01:32:56,ESX-FUTURE,3117.0,2758,3117.0,207,NOTHING
01:32:57,ESX-FUTURE,3116.0,2613,3116.0,352,NOTHING
01:32:57,ESX-FUTURE,3116.0,2902,3116.0,63,NOTHING
01:32:59,ESX-FUTURE,3116.0,1974,3116.0,991,NOTHING
01:33:00,ESX-FUTURE,3116.0,2121,3116.0,844,NOTHING
01:33:00,ESX-FUTURE,3116.0,2033,3116.0,932,NOTHING
01:33:01,ESX-FUTURE,3116.0,2175,3116.0,790,NOTHING
01:33:02,ESX-FUTURE,3116.0,166,3117.0,2799,NOTHING
01:33:03,ESX-FUTURE,3116.0,52,3117.0,2913,NOTHING
01:33:04,ESX-FUTURE,3116.0,338,3117.0,2627,NOTHING
01:33:04,ESX-FUTURE,3116.0,562,3117.0,2403,NOTHING
01:33:05,ESX-FUTURE,3116.0,2666,3116.0,299,NOTHING
01:33:07,ESX-FUTURE,3116.0,680,3117.0,2285,NOTHING
01:33:08,ESX-FUTURE,3117.0,2840,3117.0,125,NOTHING
01:33:08,ESX-FUTURE,3117.0,2413,3118.0,552,NOTHING
01:33:10,ESX-FUTURE,3117.0,624,3118.0,2341,NOTHING
01:33:12,ESX-FUTURE,3117.0,2802,3117.0,163,NOTHING
01:33:12,ESX-FUTURE,3117.0,926,3117.0,2039,NOTHING
01:33:13,ESX-FUTURE,3117.0,404,3117.0,2561,NOTHING
01:33:15,ESX-FUTURE,3117.0,821,3117.0,2144,NOTHING
01:33:16,ESX-FUTURE,3117.0,205,3117.0,2760,NOTHING
01:33:17,ESX-FUTURE,3117.0,2262,3117.0,703,NOTHING
01:33:17,ESX-FUTURE,3117.0,2591,3117.0,374,NOTHING
01:33:18,ESX-FUTURE,3117.0,93,3117.0,2872,NOTHING
01:33:20,ESX-FUTURE,3117.0,1107,3117.0,1858,NOTHING
01:33:20,ESX-FUTURE,3117.0,1228,3117.0,1737,NOTHING
01:33:21,ESX-FUTURE,3117.0,734,3117.0,2231,NOTHING
01:33:23,ESX-FUTURE,3117.0,769,3117.0,2196,NOTHING
01:33:24,ESX-FUTURE,3116.0,1251,3116.0,1714,NOTHING
01:33:26,ESX-FUTURE,3116.0,2166,3116.0,799,NOTHING
01:33:26,ESX-FUTURE,3117.0,1302,3118.0,1663,NOTHING
01:33:27,ESX-FUTURE,3118.0,8,3118.0,2957,NOTHING
01:33:28,ESX-FUTURE,3119.0,2109,3119.0,856,NOTHING
01:33:29,ESX-FUTURE,3119.0,1874,3119.0,1091,NOTHING
01:33:29,ESX-FUTURE,3119.0,431,3120.0,2534,NOTHING
01:33:30,ESX-FUTURE,3119.0,2589,3120.0,376,NOTHING
01:33:31,ESX-FUTURE,3119.0,2477,3120.0,488,NOTHING
01:33:31,ESX-FUTURE,3119.0,2675,3120.0,290,NOTHING
01:33:32,ESX-FUTURE,3119.0,1291,3120.0,1674,NOTHING
01:33:33,ESX-FUTURE,3119.0,1568,3120.0,1397,NOTHING
01:33:34,ESX-FUTURE,3119.0,2564,3119.0,401,NOTHING
01:33:35,ESX-FUTURE,3119.0,89,3120.0,2876,NOTHING
01:33:36,ESX-FUTURE,3119.0,2325,3119.0,640,NOTHING
01:33:37,ESX-FUTURE,3119.0,2256,3119.0,709,NOTHING
01:33:39,ESX-FUTURE,3119.0,2410,3119.0,555,NOTHING
01:33:40,ESX-FUTURE,3120.0,34,3121.0,2931,NOTHING
01:33:40,ESX-FUTURE,3121.0,2811,3121.0,154,NOTHING
01:33:42,ESX-FUTURE,3121.0,554,3121.0,2411,NOTHING
01:33:42,ESX-FUTURE,3121.0,2645,3121.0,320,NOTHING
01:33:43,ESX-FUTURE,3120.0,1612,3121.0,1353,NOTHING
01:33:44,ESX-FUTURE,3120.0,1885,3121.0,1080,NOTHING
01:33:45,ESX-FUTURE,3121.0,214,3122.0,2751,NOTHING
01:33:45,ESX-FUTURE,3121.0,1775,3121.0,1190,NOTHING
01:33:46,ESX-FUTURE,3121.0,92,3121.0,2873,NOTHING
01:33:48,ESX-FUTURE,3121.0,666,3121.0,2299,NOTHING
01:33:49,ESX-FUTURE,3121.0,1761,3121.0,1204,NOTHING
01:33:50,ESX-FUTURE,3121.0,2728,3121.0,237,NOTHING
01:33:51,ESX-FUTURE,3121.0,477,3121.0,2488,NOTHING
01:33:52,ESX-FUTURE,3121.0,1905,3121.0,1060,NOTHING
01:33:53,ESX-FUTURE,3121.0,417,3121.0,2548,NOTHING
01:33:54,ESX-FUTURE,3121.0,1439,3121.0,1526,NOTHING
01:33:54,ESX-FUTURE,3121.0,1397,3122.0,1568,NOTHING
01:33:56,ESX-FUTURE,3121.0,1893,3122.0,1072,NOTHING
01:33:57,ESX-FUTURE,3122.0,79,3122.0,2886,NOTHING
01:33:57,ESX-FUTURE,3122.0,2946,3122.0,19,NOTHING
01:33:58,ESX-FUTURE,3122.0,2918,3122.0,47,NOTHING
01:33:59,ESX-FUTURE,3122.0,248,3123.0,2717,NOTHING
01:34:00,ESX-FUTURE,3122.0,2758,3122.0,207,NOTHING
01:34:01,ESX-FUTURE,3125.0,4,3125.0,2961,NOTHING
01:34:02,ESX-FUTURE,3124.0,396,3125.0,2569,NOTHING
01:34:03,ESX-FUTURE,3125.0,102,3126.0,2863,NOTHING
01:34:04,ESX-FUTURE,3125.0,1514,3125.0,1451,NOTHING
01:34:06,ESX-FUTURE,3125.0,1297,3125.0,1668,NOTHING
01:34:07,ESX-FUTURE,3125.0,1325,3125.0,1640,NOTHING
01:34:08,ESX-FUTURE,3128.0,975,3128.0,1990,NOTHING
01:34:09,ESX-FUTURE,3128.0,208,3128.0,2757,NOTHING
01:34:10,ESX-FUTURE,3128.0,54,3128.0,2911,NOTHING
01:34:10,ESX-FUTURE,3128.0,2855,3128.0,110,NOTHING
01:34:12,ESX-FUTURE,3130.0,195,3130.0,2770,NOTHING
01:34:13,ESX-FUTURE,3130.0,311,3130.0,2654,NOTHING
01:34:14,ESX-FUTURE,3130.0,865,3130.0,2100,NOTHING
01:34:14,ESX-FUTURE,3130.0,2557,3130.0,408,NOTHING
01:34:15,ESX-FUTURE,3130.0,2592,3130.0,373,NOTHING
01:34:16,ESX-FUTURE,3130.0,1493,3130.0,1472,NOTHING
01:34:16,ESX-FUTURE,3131.0,227,3131.0,2738,NOTHING
01:34:17,ESX-FUTURE,3131.0,2813,3131.0,152,NOTHING
01:34:18,ESX-FUTURE,3131.0,158,3131.0,2807,NOTHING
01:34:18,ESX-FUTURE,3131.0,2374,3131.0,591,NOTHING
01:34:19,ESX-FUTURE,3131.0,2379,3131.0,586,NOTHING
01:34:20,ESX-FUTURE,3131.0,1634,3131.0,1331,NOTHING
01:34:22,ESX-FUTURE,3131.0,1719,3131.0,1246,NOTHING
01:34:23,ESX-FUTURE,3131.0,694,3131.0,2271,NOTHING
01:34:25,ESX-FUTURE,3131.0,624,3131.0,2341,NOTHING
01:34:26,ESX-FUTURE,3131.0,2393,3131.0,572,NOTHING
01:34:26,ESX-FUTURE,3131.0,1611,3131.0,1354,NOTHING
01:34:27,ESX-FUTURE,3131.0,1463,3131.0,1502,NOTHING
01:34:28,ESX-FUTURE,3131.0,2863,3131.0,102,NOTHING
01:34:29,ESX-FUTURE,3131.0,2575,3131.0,390,NOTHING
01:34:30,ESX-FUTURE,3131.0,1009,3131.0,1956,NOTHING
01:34:31,ESX-FUTURE,3131.0,923,3131.0,2042,NOTHING
01:34:31,ESX-FUTURE,3131.0,1328,3131.0,1637,NOTHING
01:34:31,ESX-FUTURE,3131.0,766,3131.0,2199,NOTHING
01:34:32,ESX-FUTURE,3130.0,2788,3131.0,177,NOTHING
01:34:33,ESX-FUTURE,3131.0,441,3131.0,2524,NOTHING
01:34:33,ESX-FUTURE,3128.0,409,3128.0,2556,NOTHING
01:34:34,ESX-FUTURE,3127.0,2153,3127.0,812,NOTHING
01:34:34,ESX-FUTURE,3127.0,538,3127.0,2427,NOTHING
01:34:35,ESX-FUTURE,3127.0,2120,3127.0,845,NOTHING
01:34:36,ESX-FUTURE,3128.0,1045,3128.0,1920,NOTHING
01:34:36,ESX-FUTURE,3127.0,2816,3128.0,149,NOTHING
01:34:37,ESX-FUTURE,3128.0,1915,3128.0,1050,NOTHING
01:34:39,ESX-FUTURE,3128.0,1977,3129.0,988,NOTHING
01:34:41,ESX-FUTURE,3129.0,129,3129.0,2836,NOTHING
01:34:43,ESX-FUTURE,3129.0,115,3129.0,2850,NOTHING
01:34:44,ESX-FUTURE,3129.0,688,3129.0,2277,NOTHING
01:34:45,ESX-FUTURE,3129.0,680,3129.0,2285,NOTHING
01:34:46,ESX-FUTURE,3129.0,974,3129.0,1991,NOTHING
01:34:47,ESX-FUTURE,3129.0,1760,3129.0,1205,NOTHING
01:34:48,ESX-FUTURE,3129.0,2370,3129.0,595,NOTHING
01:34:48,ESX-FUTURE,3129.0,2378,3129.0,587,NOTHING
01:34:49,ESX-FUTURE,3129.0,1423,3129.0,1542,NOTHING
01:34:50,ESX-FUTURE,3129.0,743,3129.0,2222,NOTHING
01:34:51,ESX-FUTURE,3129.0,1295,3129.0,1670,NOTHING
01:34:51,ESX-FUTURE,3129.0,1204,3129.0,1761,NOTHING
01:34:52,ESX-FUTURE,3129.0,1484,3129.0,1481,NOTHING
01:34:53,ESX-FUTURE,3129.0,1312,3129.0,1653,NOTHING
01:34:54,ESX-FUTURE,3126.0,580,3126.0,2385,NOTHING
01:34:55,ESX-FUTURE,3126.0,897,3126.0,2068,NOTHING
01:34:56,ESX-FUTURE,3126.0,896,3126.0,2069,NOTHING
01:34:57,ESX-FUTURE,3126.0,1787,3126.0,1178,NOTHING
01:34:59,ESX-FUTURE,3126.0,2135,3126.0,830,NOTHING
01:34:59,ESX-FUTURE,3125.0,1845,3126.0,1120,NOTHING
01:35:00,ESX-FUTURE,3125.0,2240,3126.0,725,NOTHING
01:35:01,ESX-FUTURE,3125.0,2096,3126.0,869,NOTHING
01:35:02,ESX-FUTURE,3125.0,1045,3125.0,1920,NOTHING
01:35:03,ESX-FUTURE,3125.0,1195,3125.0,1770,NOTHING
01:35:03,ESX-FUTURE,3125.0,1201,3125.0,1764,NOTHING
01:35:05,ESX-FUTURE,3125.0,1448,3125.0,1517,NOTHING
01:35:06,ESX-FUTURE,3125.0,1759,3125.0,1206,NOTHING
01:35:08,ESX-FUTURE,3125.0,1624,3125.0,1341,NOTHING
01:35:09,ESX-FUTURE,3125.0,1616,3125.0,1349,NOTHING
01:35:11,ESX-FUTURE,3125.0,1605,3125.0,1360,NOTHING
01:35:11,ESX-FUTURE,3125.0,1784,3125.0,1181,NOTHING
01:35:12,ESX-FUTURE,3125.0,1349,3125.0,1616,NOTHING
01:35:14,ESX-FUTURE,3125.0,2774,3126.0,191,NOTHING
01:35:15,ESX-FUTURE,3126.0,1225,3127.0,1740,NOTHING
01:35:17,ESX-FUTURE,3126.0,1228,3127.0,1737,NOTHING
01:35:17,ESX-FUTURE,3126.0,1230,3127.0,1735,NOTHING
01:35:18,ESX-FUTURE,3126.0,1357,3126.0,1608,NOTHING
01:35:19,ESX-FUTURE,3126.0,1317,3126.0,1648,NOTHING
01:35:19,ESX-FUTURE,3126.0,980,3127.0,1985,NOTHING
01:35:20,ESX-FUTURE,3126.0,551,3126.0,2414,NOTHING
01:35:21,ESX-FUTURE,3126.0,1616,3126.0,1349,NOTHING
01:35:22,ESX-FUTURE,3123.0,1309,3123.0,1656,NOTHING
01:35:23,ESX-FUTURE,3123.0,1467,3123.0,1498,NOTHING
01:35:24,ESX-FUTURE,3123.0,1873,3123.0,1092,NOTHING
01:35:26,ESX-FUTURE,3123.0,2114,3123.0,851,NOTHING
01:35:28,ESX-FUTURE,3123.0,457,3123.0,2508,NOTHING
01:35:28,ESX-FUTURE,3123.0,1406,3123.0,1559,NOTHING
01:35:30,ESX-FUTURE,3123.0,345,3123.0,2620,NOTHING
01:35:31,ESX-FUTURE,3123.0,475,3123.0,2490,NOTHING
01:35:31,ESX-FUTURE,3122.0,1393,3123.0,1572,NOTHING
01:35:33,ESX-FUTURE,3122.0,2147,3123.0,818,NOTHING
01:35:33,ESX-FUTURE,3122.0,2120,3123.0,845,NOTHING
01:35:35,ESX-FUTURE,3123.0,247,3123.0,2718,NOTHING
01:35:37,ESX-FUTURE,3122.0,1056,3123.0,1909,NOTHING
01:35:38,ESX-FUTURE,3122.0,2783,3123.0,182,NOTHING
01:35:39,ESX-FUTURE,3122.0,830,3123.0,2135,NOTHING
01:35:40,ESX-FUTURE,3122.0,824,3123.0,2141,NOTHING
01:35:41,ESX-FUTURE,3125.0,2059,3125.0,906,NOTHING
01:35:42,ESX-FUTURE,3126.0,2173,3126.0,792,NOTHING
01:35:43,ESX-FUTURE,3126.0,1141,3126.0,1824,NOTHING
01:35:44,ESX-FUTURE,3126.0,1839,3127.0,1126,NOTHING
01:35:44,ESX-FUTURE,3126.0,1082,3127.0,1883,NOTHING
01:35:45,ESX-FUTURE,3126.0,2,3127.0,2963,NOTHING
01:35:46,ESX-FUTURE,3126.0,544,3127.0,2421,NOTHING
01:35:48,ESX-FUTURE,3126.0,564,3126.0,2401,NOTHING
01:35:50,ESX-FUTURE,3126.0,474,3126.0,2491,NOTHING
01:35:50,ESX-FUTURE,3126.0,751,3126.0,2214,NOTHING
01:35:52,ESX-FUTURE,3126.0,729,3126.0,2236,NOTHING
01:35:53,ESX-FUTURE,3126.0,785,3126.0,2180,NOTHING
01:35:55,ESX-FUTURE,3126.0,2843,3126.0,122,NOTHING
01:35:56,ESX-FUTURE,3126.0,649,3126.0,2316,NOTHING
01:35:58,ESX-FUTURE,3126.0,2374,3126.0,591,NOTHING
01:35:59,ESX-FUTURE,3126.0,2164,3126.0,801,NOTHING
01:35:59,ESX-FUTURE,3127.0,2053,3127.0,912,NOTHING
01:36:01,ESX-FUTURE,3127.0,1112,3127.0,1853,NOTHING
01:36:01,ESX-FUTURE,3127.0,1540,3127.0,1425,NOTHING
01:36:02,ESX-FUTURE,3127.0,929,3127.0,2036,NOTHING
01:36:03,ESX-FUTURE,3127.0,566,3128.0,2399,NOTHING
01:36:05,ESX-FUTURE,3129.0,2869,3129.0,96,NOTHING
01:36:06,ESX-FUTURE,3128.0,983,3129.0,1982,NOTHING
01:36:07,ESX-FUTURE,3128.0,864,3129.0,2101,NOTHING
01:36:08,ESX-FUTURE,3128.0,1754,3128.0,1211,NOTHING
01:36:08,ESX-FUTURE,3128.0,1483,3128.0,1482,NOTHING
01:36:08,ESX-FUTURE,3128.0,422,3128.0,2543,NOTHING
01:36:09,ESX-FUTURE,3128.0,322,3128.0,2643,NOTHING
01:36:10,ESX-FUTURE,3128.0,352,3128.0,2613,NOTHING
01:36:11,ESX-FUTURE,3128.0,345,3128.0,2620,NOTHING
01:36:13,ESX-FUTURE,3128.0,600,3128.0,2365,NOTHING
01:36:13,ESX-FUTURE,3127.0,2917,3128.0,48,NOTHING
01:36:14,ESX-FUTURE,3127.0,1010,3128.0,1955,NOTHING
01:36:14,ESX-FUTURE,3127.0,1362,3128.0,1603,NOTHING
01:36:15,ESX-FUTURE,3127.0,1042,3128.0,1923,NOTHING
01:36:17,ESX-FUTURE,3127.0,2653,3127.0,312,NOTHING
