Timestamp,Instrument,Bid Price,Bid Volume,Ask Price,Ask Volume,TODO
00:58:06,SP-FUTURE,3140.0,1070,3140.0,1768,NOTHING
00:58:07,SP-FUTURE,3140.0,1267,3140.0,1571,NOTHING
00:58:07,SP-FUTURE,3140.0,536,3140.0,2302,NOTHING
00:58:08,SP-FUTURE,3140.0,540,3140.0,2298,NOTHING
00:58:09,SP-FUTURE,3140.0,1972,3140.0,866,NOTHING
00:58:09,SP-FUTURE,3140.0,167,3140.0,2671,NOTHING
00:58:10,SP-FUTURE,3140.0,1181,3141.0,1657,NOTHING
00:58:12,SP-FUTURE,3140.0,1789,3141.0,1049,NOTHING
00:58:13,SP-FUTURE,3140.0,1164,3141.0,1674,NOTHING
00:58:15,SP-FUTURE,3140.0,2074,3141.0,764,NOTHING
00:58:16,SP-FUTURE,3140.0,1246,3141.0,1592,NOTHING
00:58:17,SP-FUTURE,3140.0,2365,3140.0,473,NOTHING
00:58:18,SP-FUTURE,3141.0,1814,3141.0,1024,NOTHING
00:58:19,SP-FUTURE,3141.0,2182,3141.0,656,NOTHING
00:58:19,SP-FUTURE,3141.0,285,3142.0,2553,NOTHING
00:58:19,SP-FUTURE,3143.0,1272,3143.0,1566,NOTHING
00:58:20,SP-FUTURE,3142.0,2112,3143.0,726,NOTHING
00:58:21,SP-FUTURE,3143.0,165,3143.0,2673,NOTHING
00:58:21,SP-FUTURE,3143.0,96,3143.0,2742,NOTHING
00:58:23,SP-FUTURE,3143.0,2756,3143.0,82,NOTHING
00:58:24,SP-FUTURE,3143.0,909,3143.0,1929,NOTHING
00:58:24,SP-FUTURE,3142.0,2543,3142.0,295,NOTHING
00:58:26,SP-FUTURE,3142.0,2634,3142.0,204,NOTHING
00:58:26,SP-FUTURE,3142.0,2799,3142.0,39,NOTHING
00:58:27,SP-FUTURE,3142.0,2287,3142.0,551,NOTHING
00:58:28,SP-FUTURE,3142.0,639,3142.0,2199,NOTHING
00:58:28,SP-FUTURE,3142.0,2191,3142.0,647,NOTHING
00:58:29,SP-FUTURE,3142.0,2638,3142.0,200,NOTHING
00:58:31,SP-FUTURE,3142.0,2534,3142.0,304,NOTHING
00:58:32,SP-FUTURE,3142.0,2583,3142.0,255,NOTHING
00:58:34,SP-FUTURE,3142.0,2487,3142.0,351,NOTHING
00:58:35,SP-FUTURE,3142.0,708,3143.0,2130,NOTHING
00:58:36,SP-FUTURE,3142.0,171,3143.0,2667,NOTHING
00:58:37,SP-FUTURE,3142.0,1880,3142.0,958,NOTHING
00:58:38,SP-FUTURE,3142.0,1352,3143.0,1486,NOTHING
00:58:39,SP-FUTURE,3142.0,1708,3143.0,1130,NOTHING
00:58:40,SP-FUTURE,3142.0,2146,3143.0,692,NOTHING
00:58:41,SP-FUTURE,3143.0,3,3143.0,2835,NOTHING
00:58:42,SP-FUTURE,3143.0,511,3143.0,2327,NOTHING
00:58:43,SP-FUTURE,3143.0,611,3143.0,2227,NOTHING
00:58:44,SP-FUTURE,3143.0,1024,3143.0,1814,NOTHING
00:58:44,SP-FUTURE,3143.0,1017,3143.0,1821,NOTHING
00:58:45,SP-FUTURE,3143.0,1098,3143.0,1740,NOTHING
00:58:45,SP-FUTURE,3143.0,2674,3143.0,164,NOTHING
00:58:46,SP-FUTURE,3143.0,2318,3143.0,520,NOTHING
00:58:47,SP-FUTURE,3144.0,2788,3144.0,50,NOTHING
00:58:48,SP-FUTURE,3144.0,2835,3144.0,3,NOTHING
00:58:49,SP-FUTURE,3144.0,2706,3144.0,132,NOTHING
00:58:50,SP-FUTURE,3144.0,1749,3144.0,1089,NOTHING
00:58:50,SP-FUTURE,3143.0,2640,3143.0,198,NOTHING
00:58:53,SP-FUTURE,3143.0,1455,3143.0,1383,NOTHING
00:58:54,SP-FUTURE,3143.0,1651,3143.0,1187,NOTHING
00:58:54,SP-FUTURE,3143.0,532,3143.0,2306,NOTHING
00:58:54,SP-FUTURE,3143.0,773,3143.0,2065,NOTHING
00:58:55,SP-FUTURE,3143.0,204,3143.0,2634,NOTHING
00:58:57,SP-FUTURE,3143.0,2801,3143.0,37,NOTHING
00:58:58,SP-FUTURE,3143.0,84,3143.0,2754,NOTHING
00:58:59,SP-FUTURE,3143.0,89,3143.0,2749,NOTHING
00:59:00,SP-FUTURE,3143.0,91,3143.0,2747,NOTHING
00:59:02,SP-FUTURE,3142.0,559,3142.0,2279,NOTHING
00:59:03,SP-FUTURE,3141.0,1481,3141.0,1357,NOTHING
00:59:05,SP-FUTURE,3141.0,1527,3141.0,1311,NOTHING
00:59:05,SP-FUTURE,3141.0,1518,3141.0,1320,NOTHING
00:59:07,SP-FUTURE,3141.0,1419,3141.0,1419,NOTHING
00:59:08,SP-FUTURE,3141.0,1225,3141.0,1613,NOTHING
00:59:09,SP-FUTURE,3141.0,1749,3141.0,1089,NOTHING
00:59:09,SP-FUTURE,3141.0,1049,3141.0,1789,NOTHING
00:59:11,SP-FUTURE,3141.0,1716,3141.0,1122,NOTHING
00:59:12,SP-FUTURE,3141.0,2096,3141.0,742,NOTHING
00:59:13,SP-FUTURE,3141.0,1785,3141.0,1053,NOTHING
00:59:14,SP-FUTURE,3141.0,1891,3141.0,947,NOTHING
00:59:15,SP-FUTURE,3138.0,585,3138.0,2253,NOTHING
00:59:16,SP-FUTURE,3137.0,2289,3137.0,549,NOTHING
00:59:17,SP-FUTURE,3137.0,2143,3137.0,695,NOTHING
00:59:17,SP-FUTURE,3137.0,2034,3137.0,804,NOTHING
00:59:17,SP-FUTURE,3137.0,1638,3137.0,1200,NOTHING
00:59:18,SP-FUTURE,3137.0,1707,3137.0,1131,NOTHING
00:59:19,SP-FUTURE,3137.0,1928,3137.0,910,NOTHING
00:59:21,SP-FUTURE,3137.0,1576,3138.0,1262,NOTHING
00:59:23,SP-FUTURE,3137.0,2276,3137.0,562,NOTHING
00:59:24,SP-FUTURE,3137.0,2574,3138.0,264,NOTHING
00:59:25,SP-FUTURE,3137.0,2547,3138.0,291,NOTHING
00:59:25,SP-FUTURE,3137.0,2586,3138.0,252,NOTHING
00:59:26,SP-FUTURE,3138.0,84,3138.0,2754,NOTHING
00:59:27,SP-FUTURE,3138.0,1966,3138.0,872,NOTHING
00:59:28,SP-FUTURE,3138.0,2150,3138.0,688,NOTHING
00:59:29,SP-FUTURE,3138.0,2218,3138.0,620,NOTHING
00:59:30,SP-FUTURE,3138.0,2339,3138.0,499,NOTHING
00:59:32,SP-FUTURE,3138.0,2527,3138.0,311,NOTHING
00:59:33,SP-FUTURE,3138.0,421,3138.0,2417,NOTHING
00:59:34,SP-FUTURE,3138.0,1149,3138.0,1689,NOTHING
00:59:35,SP-FUTURE,3138.0,1035,3138.0,1803,NOTHING
00:59:35,SP-FUTURE,3138.0,142,3138.0,2696,NOTHING
00:59:36,SP-FUTURE,3138.0,1039,3138.0,1799,NOTHING
00:59:37,SP-FUTURE,3137.0,2722,3137.0,116,NOTHING
00:59:40,SP-FUTURE,3137.0,90,3137.0,2748,NOTHING
00:59:41,SP-FUTURE,3137.0,2145,3137.0,693,NOTHING
00:59:42,SP-FUTURE,3137.0,591,3137.0,2247,NOTHING
00:59:43,SP-FUTURE,3137.0,425,3137.0,2413,NOTHING
00:59:44,SP-FUTURE,3137.0,2815,3137.0,23,NOTHING
00:59:45,SP-FUTURE,3137.0,1111,3137.0,1727,NOTHING
00:59:45,SP-FUTURE,3137.0,609,3137.0,2229,NOTHING
00:59:46,SP-FUTURE,3137.0,1610,3137.0,1228,NOTHING
00:59:48,SP-FUTURE,3137.0,1742,3137.0,1096,NOTHING
00:59:49,SP-FUTURE,3137.0,2773,3137.0,65,NOTHING
00:59:50,SP-FUTURE,3138.0,2563,3138.0,275,NOTHING
00:59:52,SP-FUTURE,3138.0,2559,3138.0,279,NOTHING
00:59:52,SP-FUTURE,3138.0,599,3138.0,2239,NOTHING
00:59:54,SP-FUTURE,3138.0,665,3138.0,2173,NOTHING
00:59:55,SP-FUTURE,3138.0,1250,3138.0,1588,NOTHING
00:59:56,SP-FUTURE,3137.0,2095,3137.0,743,NOTHING
00:59:57,SP-FUTURE,3137.0,1607,3137.0,1231,NOTHING
00:59:58,SP-FUTURE,3137.0,41,3137.0,2797,NOTHING
01:00:00,SP-FUTURE,3137.0,2473,3137.0,365,NOTHING
01:00:02,SP-FUTURE,3137.0,2440,3137.0,398,NOTHING
01:00:02,SP-FUTURE,3137.0,2191,3137.0,647,NOTHING
01:00:03,SP-FUTURE,3139.0,558,3139.0,2280,NOTHING
01:00:05,SP-FUTURE,3139.0,557,3139.0,2281,NOTHING
01:00:07,SP-FUTURE,3139.0,572,3139.0,2266,NOTHING
01:00:08,SP-FUTURE,3138.0,1724,3138.0,1114,NOTHING
01:00:10,SP-FUTURE,3138.0,2576,3138.0,262,NOTHING
01:00:11,SP-FUTURE,3138.0,1611,3138.0,1227,NOTHING
01:00:12,SP-FUTURE,3140.0,709,3141.0,2129,NOTHING
01:00:13,SP-FUTURE,3141.0,669,3141.0,2169,NOTHING
01:00:14,SP-FUTURE,3141.0,2365,3141.0,473,NOTHING
01:00:15,SP-FUTURE,3141.0,1394,3141.0,1444,NOTHING
01:00:16,SP-FUTURE,3141.0,1697,3141.0,1141,NOTHING
01:00:17,SP-FUTURE,3141.0,2371,3141.0,467,NOTHING
01:00:17,SP-FUTURE,3141.0,2759,3141.0,79,NOTHING
01:00:18,SP-FUTURE,3141.0,2354,3141.0,484,NOTHING
01:00:19,SP-FUTURE,3141.0,1004,3141.0,1834,NOTHING
01:00:21,SP-FUTURE,3141.0,1485,3141.0,1353,NOTHING
01:00:22,SP-FUTURE,3142.0,1261,3142.0,1577,NOTHING
01:00:24,SP-FUTURE,3142.0,1288,3142.0,1550,NOTHING
01:00:25,SP-FUTURE,3142.0,1179,3142.0,1659,NOTHING
01:00:25,SP-FUTURE,3142.0,2004,3142.0,834,NOTHING
01:00:26,SP-FUTURE,3140.0,2565,3140.0,273,NOTHING
01:00:26,SP-FUTURE,3140.0,515,3140.0,2323,NOTHING
01:00:27,SP-FUTURE,3140.0,1530,3140.0,1308,NOTHING
01:00:28,SP-FUTURE,3141.0,1131,3141.0,1707,NOTHING
01:00:29,SP-FUTURE,3141.0,1762,3141.0,1076,NOTHING
01:00:30,SP-FUTURE,3140.0,467,3140.0,2371,NOTHING
01:00:32,SP-FUTURE,3140.0,1791,3140.0,1047,NOTHING
01:00:32,SP-FUTURE,3140.0,2015,3140.0,823,NOTHING
01:00:33,SP-FUTURE,3139.0,999,3140.0,1839,NOTHING
01:00:35,SP-FUTURE,3139.0,1484,3140.0,1354,NOTHING
01:00:36,SP-FUTURE,3139.0,1272,3140.0,1566,NOTHING
01:00:37,SP-FUTURE,3139.0,1275,3140.0,1563,NOTHING
01:00:38,SP-FUTURE,3139.0,1367,3140.0,1471,NOTHING
01:00:40,SP-FUTURE,3139.0,64,3140.0,2774,NOTHING
01:00:41,SP-FUTURE,3138.0,2745,3139.0,93,NOTHING
01:00:42,SP-FUTURE,3138.0,875,3139.0,1963,NOTHING
01:00:43,SP-FUTURE,3139.0,2017,3139.0,821,NOTHING
01:00:44,SP-FUTURE,3139.0,1385,3139.0,1453,NOTHING
01:00:45,SP-FUTURE,3139.0,2717,3139.0,121,NOTHING
01:00:46,SP-FUTURE,3138.0,1226,3138.0,1612,NOTHING
01:00:48,SP-FUTURE,3138.0,2803,3138.0,35,NOTHING
01:00:48,SP-FUTURE,3137.0,25,3137.0,2813,NOTHING
01:00:50,SP-FUTURE,3135.0,1482,3135.0,1356,NOTHING
01:00:51,SP-FUTURE,3134.0,411,3135.0,2427,NOTHING
01:00:52,SP-FUTURE,3134.0,338,3135.0,2500,NOTHING
01:00:53,SP-FUTURE,3134.0,227,3135.0,2611,NOTHING
01:00:54,SP-FUTURE,3134.0,2232,3134.0,606,NOTHING
01:00:54,SP-FUTURE,3134.0,2217,3135.0,621,NOTHING
01:00:55,SP-FUTURE,3134.0,2108,3135.0,730,NOTHING
01:00:56,SP-FUTURE,3134.0,2718,3135.0,120,NOTHING
01:00:57,SP-FUTURE,3135.0,8,3135.0,2830,NOTHING
01:00:59,SP-FUTURE,3134.0,2669,3134.0,169,NOTHING
01:01:00,SP-FUTURE,3134.0,2819,3134.0,19,NOTHING
01:01:01,SP-FUTURE,3134.0,70,3135.0,2768,NOTHING
01:01:02,SP-FUTURE,3134.0,423,3135.0,2415,NOTHING
01:01:02,SP-FUTURE,3134.0,1064,3134.0,1774,NOTHING
01:01:03,SP-FUTURE,3134.0,12,3134.0,2826,NOTHING
01:01:04,SP-FUTURE,3134.0,2248,3134.0,590,NOTHING
01:01:05,SP-FUTURE,3134.0,1081,3134.0,1757,NOTHING
01:01:06,SP-FUTURE,3134.0,160,3134.0,2678,NOTHING
01:01:07,SP-FUTURE,3134.0,15,3134.0,2823,NOTHING
01:01:08,SP-FUTURE,3133.0,1991,3134.0,847,NOTHING
01:01:09,SP-FUTURE,3133.0,1882,3134.0,956,NOTHING
01:01:11,SP-FUTURE,3133.0,1657,3133.0,1181,NOTHING
01:01:12,SP-FUTURE,3133.0,1467,3133.0,1371,NOTHING
01:01:13,SP-FUTURE,3133.0,1336,3133.0,1502,NOTHING
01:01:14,SP-FUTURE,3133.0,89,3133.0,2749,NOTHING
01:01:15,SP-FUTURE,3133.0,90,3133.0,2748,NOTHING
01:01:16,SP-FUTURE,3133.0,1890,3133.0,948,NOTHING
01:01:17,SP-FUTURE,3133.0,1769,3133.0,1069,NOTHING
01:01:19,SP-FUTURE,3133.0,997,3133.0,1841,NOTHING
01:01:20,SP-FUTURE,3133.0,987,3133.0,1851,NOTHING
01:01:21,SP-FUTURE,3133.0,1168,3133.0,1670,NOTHING
01:01:22,SP-FUTURE,3133.0,493,3133.0,2345,NOTHING
01:01:23,SP-FUTURE,3133.0,862,3133.0,1976,NOTHING
01:01:24,SP-FUTURE,3133.0,1846,3133.0,992,NOTHING
01:01:26,SP-FUTURE,3133.0,1080,3133.0,1758,NOTHING
01:01:27,SP-FUTURE,3132.0,2799,3132.0,39,NOTHING
01:01:28,SP-FUTURE,3131.0,472,3132.0,2366,NOTHING
01:01:30,SP-FUTURE,3130.0,1881,3131.0,957,NOTHING
01:01:30,SP-FUTURE,3130.0,1990,3131.0,848,NOTHING
01:01:31,SP-FUTURE,3130.0,585,3131.0,2253,NOTHING
01:01:33,SP-FUTURE,3130.0,540,3131.0,2298,NOTHING
01:01:34,SP-FUTURE,3131.0,1713,3131.0,1125,NOTHING
01:01:35,SP-FUTURE,3130.0,511,3131.0,2327,NOTHING
01:01:37,SP-FUTURE,3130.0,687,3131.0,2151,NOTHING
01:01:38,SP-FUTURE,3130.0,2750,3130.0,88,NOTHING
01:01:39,SP-FUTURE,3130.0,2767,3130.0,71,NOTHING
01:01:39,SP-FUTURE,3130.0,2496,3130.0,342,NOTHING
01:01:41,SP-FUTURE,3130.0,2486,3130.0,352,NOTHING
01:01:41,SP-FUTURE,3130.0,2278,3130.0,560,NOTHING
01:01:43,SP-FUTURE,3130.0,2030,3130.0,808,NOTHING
01:01:44,SP-FUTURE,3130.0,2539,3130.0,299,NOTHING
01:01:45,SP-FUTURE,3130.0,2439,3130.0,399,NOTHING
01:01:46,SP-FUTURE,3130.0,2184,3130.0,654,NOTHING
01:01:48,SP-FUTURE,3130.0,498,3130.0,2340,NOTHING
01:01:49,SP-FUTURE,3130.0,822,3130.0,2016,NOTHING
01:01:50,SP-FUTURE,3130.0,1629,3130.0,1209,NOTHING
01:01:52,SP-FUTURE,3130.0,737,3130.0,2101,NOTHING
01:01:52,SP-FUTURE,3129.0,2701,3130.0,137,NOTHING
01:01:54,SP-FUTURE,3129.0,1839,3130.0,999,NOTHING
01:01:56,SP-FUTURE,3129.0,2645,3129.0,193,NOTHING
01:01:57,SP-FUTURE,3129.0,1341,3129.0,1497,NOTHING
01:01:58,SP-FUTURE,3128.0,2734,3129.0,104,NOTHING
01:01:59,SP-FUTURE,3128.0,2526,3129.0,312,NOTHING
01:01:59,SP-FUTURE,3128.0,2515,3129.0,323,NOTHING
01:02:00,SP-FUTURE,3128.0,2258,3129.0,580,NOTHING
01:02:02,SP-FUTURE,3128.0,1707,3129.0,1131,NOTHING
01:02:02,SP-FUTURE,3128.0,1484,3129.0,1354,NOTHING
01:02:04,SP-FUTURE,3128.0,1218,3129.0,1620,NOTHING
01:02:06,SP-FUTURE,3128.0,1157,3129.0,1681,NOTHING
01:02:06,SP-FUTURE,3128.0,626,3129.0,2212,NOTHING
01:02:07,SP-FUTURE,3128.0,1695,3129.0,1143,NOTHING
01:02:10,SP-FUTURE,3129.0,1304,3129.0,1534,NOTHING
01:02:10,SP-FUTURE,3129.0,1312,3129.0,1526,NOTHING
01:02:10,SP-FUTURE,3129.0,716,3129.0,2122,NOTHING
01:02:11,SP-FUTURE,3128.0,2011,3129.0,827,NOTHING
01:02:12,SP-FUTURE,3128.0,2738,3129.0,100,NOTHING
01:02:12,SP-FUTURE,3129.0,2649,3129.0,189,NOTHING
01:02:14,SP-FUTURE,3129.0,857,3129.0,1981,NOTHING
01:02:14,SP-FUTURE,3129.0,2519,3129.0,319,NOTHING
01:02:16,SP-FUTURE,3129.0,751,3129.0,2087,NOTHING
01:02:17,SP-FUTURE,3128.0,1073,3128.0,1765,NOTHING
01:02:18,SP-FUTURE,3128.0,1100,3128.0,1738,NOTHING
01:02:19,SP-FUTURE,3128.0,176,3129.0,2662,NOTHING
01:02:20,SP-FUTURE,3128.0,343,3129.0,2495,NOTHING
01:02:22,SP-FUTURE,3128.0,1676,3128.0,1162,NOTHING
01:02:22,SP-FUTURE,3128.0,2152,3128.0,686,NOTHING
01:02:23,SP-FUTURE,3128.0,2232,3128.0,606,NOTHING
01:02:23,SP-FUTURE,3128.0,739,3128.0,2099,NOTHING
01:02:23,SP-FUTURE,3128.0,2426,3128.0,412,NOTHING
01:02:25,SP-FUTURE,3128.0,2360,3128.0,478,NOTHING
01:02:27,SP-FUTURE,3128.0,2792,3128.0,46,NOTHING
01:02:28,SP-FUTURE,3128.0,997,3129.0,1841,NOTHING
01:02:29,SP-FUTURE,3128.0,977,3129.0,1861,NOTHING
01:02:30,SP-FUTURE,3128.0,2655,3128.0,183,NOTHING
01:02:31,SP-FUTURE,3127.0,2325,3127.0,513,NOTHING
01:02:31,SP-FUTURE,3128.0,1316,3128.0,1522,NOTHING
01:02:32,SP-FUTURE,3128.0,2584,3128.0,254,NOTHING
01:02:32,SP-FUTURE,3129.0,850,3130.0,1988,NOTHING
01:02:33,SP-FUTURE,3130.0,443,3130.0,2395,NOTHING
01:02:34,SP-FUTURE,3129.0,1229,3129.0,1609,NOTHING
01:02:35,SP-FUTURE,3129.0,1562,3129.0,1276,NOTHING
01:02:36,SP-FUTURE,3129.0,1343,3129.0,1495,NOTHING
01:02:37,SP-FUTURE,3129.0,875,3129.0,1963,NOTHING
01:02:38,SP-FUTURE,3129.0,1988,3129.0,850,NOTHING
01:02:39,SP-FUTURE,3130.0,618,3130.0,2220,NOTHING
01:02:40,SP-FUTURE,3130.0,104,3130.0,2734,NOTHING
01:02:41,SP-FUTURE,3130.0,1003,3130.0,1835,NOTHING
01:02:42,SP-FUTURE,3130.0,804,3130.0,2034,NOTHING
01:02:43,SP-FUTURE,3129.0,814,3129.0,2024,NOTHING
01:02:43,SP-FUTURE,3129.0,391,3129.0,2447,NOTHING
01:02:45,SP-FUTURE,3129.0,361,3129.0,2477,NOTHING
01:02:45,SP-FUTURE,3129.0,903,3129.0,1935,NOTHING
01:02:47,SP-FUTURE,3129.0,1206,3129.0,1632,NOTHING
01:02:47,SP-FUTURE,3128.0,1612,3129.0,1226,NOTHING
01:02:49,SP-FUTURE,3128.0,1795,3129.0,1043,NOTHING
01:02:49,SP-FUTURE,3128.0,1602,3129.0,1236,NOTHING
01:02:51,SP-FUTURE,3129.0,1933,3129.0,905,NOTHING
01:02:51,SP-FUTURE,3128.0,1141,3128.0,1697,NOTHING
01:02:51,SP-FUTURE,3129.0,1472,3129.0,1366,NOTHING
01:02:53,SP-FUTURE,3129.0,1291,3129.0,1547,NOTHING
01:02:54,SP-FUTURE,3129.0,267,3129.0,2571,NOTHING
01:02:55,SP-FUTURE,3129.0,2728,3129.0,110,NOTHING
01:02:57,SP-FUTURE,3129.0,2304,3129.0,534,NOTHING
01:02:57,SP-FUTURE,3130.0,2147,3130.0,691,NOTHING
01:02:59,SP-FUTURE,3127.0,2334,3127.0,504,NOTHING
01:03:00,SP-FUTURE,3127.0,1449,3127.0,1389,BUY
01:03:00,SP-FUTURE,3127.0,1065,3127.0,1773,BUY
01:03:01,SP-FUTURE,3127.0,1899,3127.0,939,BUY
01:03:03,SP-FUTURE,3127.0,1064,3127.0,1774,BUY
01:03:04,SP-FUTURE,3127.0,2762,3127.0,76,BUY
01:03:05,SP-FUTURE,3127.0,2163,3127.0,675,BUY
01:03:06,SP-FUTURE,3127.0,1663,3128.0,1175,BUY
01:03:07,SP-FUTURE,3127.0,2263,3127.0,575,BUY
01:03:08,SP-FUTURE,3127.0,2504,3127.0,334,BUY
01:03:10,SP-FUTURE,3127.0,686,3128.0,2152,BUY
01:03:11,SP-FUTURE,3127.0,1006,3128.0,1832,BUY
01:03:11,SP-FUTURE,3125.0,358,3125.0,2480,BUY
01:03:12,SP-FUTURE,3125.0,953,3125.0,1885,BUY
01:03:14,SP-FUTURE,3125.0,2046,3125.0,792,BUY
01:03:14,SP-FUTURE,3125.0,2507,3126.0,331,BUY
01:03:16,SP-FUTURE,3125.0,640,3126.0,2198,BUY
01:03:17,SP-FUTURE,3125.0,636,3126.0,2202,BUY
01:03:18,SP-FUTURE,3125.0,2212,3126.0,626,BUY
01:03:19,SP-FUTURE,3125.0,2205,3126.0,633,BUY
01:03:19,SP-FUTURE,3126.0,2201,3126.0,637,BUY
01:03:20,SP-FUTURE,3126.0,2565,3126.0,273,BUY
01:03:21,SP-FUTURE,3126.0,2796,3126.0,42,BUY
01:03:22,SP-FUTURE,3126.0,2809,3126.0,29,BUY
01:03:25,SP-FUTURE,3124.0,1819,3125.0,1019,BUY
01:03:25,SP-FUTURE,3124.0,1771,3125.0,1067,BUY
01:03:25,SP-FUTURE,3124.0,1636,3124.0,1202,BUY
01:03:26,SP-FUTURE,3124.0,1892,3124.0,946,BUY
01:03:27,SP-FUTURE,3124.0,1894,3124.0,944,BUY
01:03:28,SP-FUTURE,3124.0,1390,3124.0,1448,BUY
01:03:30,SP-FUTURE,3124.0,1908,3124.0,930,BUY
01:03:32,SP-FUTURE,3124.0,1893,3124.0,945,BUY
01:03:32,SP-FUTURE,3124.0,1883,3124.0,955,BUY
01:03:34,SP-FUTURE,3124.0,1883,3124.0,955,BUY
01:03:35,SP-FUTURE,3124.0,1838,3124.0,1000,BUY
01:03:36,SP-FUTURE,3124.0,1729,3124.0,1109,BUY
01:03:37,SP-FUTURE,3124.0,1640,3124.0,1198,BUY
01:03:38,SP-FUTURE,3124.0,86,3124.0,2752,BUY
01:03:38,SP-FUTURE,3121.0,2437,3122.0,401,BUY
01:03:40,SP-FUTURE,3121.0,2164,3122.0,674,BUY
01:03:40,SP-FUTURE,3122.0,445,3122.0,2393,BUY
01:03:41,SP-FUTURE,3122.0,398,3122.0,2440,BUY
01:03:41,SP-FUTURE,3122.0,2713,3122.0,125,BUY
01:03:42,SP-FUTURE,3122.0,792,3122.0,2046,BUY
01:03:43,SP-FUTURE,3123.0,349,3123.0,2489,BUY
01:03:44,SP-FUTURE,3123.0,295,3123.0,2543,BUY
01:03:45,SP-FUTURE,3123.0,2493,3123.0,345,BUY
01:03:45,SP-FUTURE,3123.0,2402,3123.0,436,BUY
01:03:46,SP-FUTURE,3123.0,2008,3123.0,830,BUY
01:03:46,SP-FUTURE,3123.0,2309,3123.0,529,BUY
01:03:47,SP-FUTURE,3123.0,2392,3123.0,446,BUY
01:03:48,SP-FUTURE,3123.0,324,3123.0,2514,BUY
01:03:49,SP-FUTURE,3123.0,838,3123.0,2000,BUY
01:03:50,SP-FUTURE,3123.0,661,3123.0,2177,BUY
01:03:50,SP-FUTURE,3125.0,2205,3125.0,633,BUY
01:03:52,SP-FUTURE,3126.0,704,3126.0,2134,BUY
01:03:53,SP-FUTURE,3126.0,585,3126.0,2253,BUY
01:03:53,SP-FUTURE,3126.0,1246,3126.0,1592,BUY
01:03:54,SP-FUTURE,3126.0,59,3126.0,2779,BUY
01:03:55,SP-FUTURE,3126.0,1086,3126.0,1752,BUY
01:03:57,SP-FUTURE,3126.0,554,3126.0,2284,BUY
01:03:58,SP-FUTURE,3126.0,698,3126.0,2140,BUY
01:03:59,SP-FUTURE,3126.0,54,3126.0,2784,BUY
01:04:00,SP-FUTURE,3126.0,97,3126.0,2741,NOTHING
01:04:01,SP-FUTURE,3126.0,701,3126.0,2137,NOTHING
01:04:02,SP-FUTURE,3126.0,525,3126.0,2313,NOTHING
01:04:04,SP-FUTURE,3126.0,2412,3126.0,426,NOTHING
01:04:05,SP-FUTURE,3126.0,396,3126.0,2442,NOTHING
01:04:06,SP-FUTURE,3126.0,419,3126.0,2419,NOTHING
01:04:07,SP-FUTURE,3126.0,2232,3126.0,606,NOTHING
01:04:08,SP-FUTURE,3126.0,2106,3126.0,732,NOTHING
01:04:09,SP-FUTURE,3126.0,1963,3126.0,875,NOTHING
01:04:10,SP-FUTURE,3126.0,2710,3126.0,128,NOTHING
01:04:11,SP-FUTURE,3126.0,1041,3127.0,1797,NOTHING
01:04:13,SP-FUTURE,3126.0,2322,3126.0,516,NOTHING
01:04:14,SP-FUTURE,3126.0,2774,3126.0,64,NOTHING
01:04:15,SP-FUTURE,3126.0,2792,3126.0,46,NOTHING
01:04:17,SP-FUTURE,3126.0,1675,3127.0,1163,NOTHING
01:04:18,SP-FUTURE,3127.0,601,3127.0,2237,NOTHING
01:04:19,SP-FUTURE,3126.0,1282,3126.0,1556,NOTHING
01:04:19,SP-FUTURE,3125.0,1922,3126.0,916,NOTHING
01:04:19,SP-FUTURE,3127.0,2523,3127.0,315,NOTHING
01:04:20,SP-FUTURE,3127.0,1801,3127.0,1037,NOTHING
01:04:21,SP-FUTURE,3127.0,2065,3127.0,773,NOTHING
01:04:22,SP-FUTURE,3127.0,57,3128.0,2781,NOTHING
01:04:24,SP-FUTURE,3127.0,707,3127.0,2131,NOTHING
01:04:24,SP-FUTURE,3127.0,665,3127.0,2173,NOTHING
01:04:25,SP-FUTURE,3127.0,593,3127.0,2245,NOTHING
01:04:27,SP-FUTURE,3125.0,313,3125.0,2525,NOTHING
01:04:28,SP-FUTURE,3124.0,1735,3125.0,1103,NOTHING
01:04:29,SP-FUTURE,3124.0,1784,3125.0,1054,NOTHING
01:04:31,SP-FUTURE,3124.0,1747,3125.0,1091,NOTHING
01:04:33,SP-FUTURE,3124.0,1732,3124.0,1106,NOTHING
01:04:34,SP-FUTURE,3124.0,1205,3124.0,1633,NOTHING
01:04:34,SP-FUTURE,3125.0,1039,3125.0,1799,NOTHING
01:04:35,SP-FUTURE,3125.0,761,3125.0,2077,NOTHING
01:04:35,SP-FUTURE,3127.0,2409,3127.0,429,NOTHING
01:04:36,SP-FUTURE,3127.0,2314,3127.0,524,NOTHING
01:04:37,SP-FUTURE,3127.0,769,3128.0,2069,NOTHING
01:04:38,SP-FUTURE,3127.0,147,3127.0,2691,NOTHING
01:04:39,SP-FUTURE,3127.0,1946,3127.0,892,NOTHING
01:04:41,SP-FUTURE,3127.0,1937,3127.0,901,NOTHING
01:04:42,SP-FUTURE,3127.0,2004,3127.0,834,NOTHING
01:04:42,SP-FUTURE,3127.0,2439,3127.0,399,NOTHING
01:04:44,SP-FUTURE,3127.0,224,3127.0,2614,NOTHING
01:04:45,SP-FUTURE,3127.0,175,3128.0,2663,NOTHING
01:04:46,SP-FUTURE,3127.0,2015,3127.0,823,NOTHING
01:04:48,SP-FUTURE,3127.0,1301,3128.0,1537,NOTHING
01:04:48,SP-FUTURE,3128.0,2823,3128.0,15,NOTHING
01:04:48,SP-FUTURE,3128.0,2139,3128.0,699,NOTHING
01:04:49,SP-FUTURE,3128.0,1790,3128.0,1048,NOTHING
01:04:51,SP-FUTURE,3128.0,1833,3128.0,1005,NOTHING
01:04:52,SP-FUTURE,3128.0,2471,3128.0,367,NOTHING
01:04:53,SP-FUTURE,3128.0,1639,3129.0,1199,NOTHING
01:04:54,SP-FUTURE,3128.0,262,3128.0,2576,NOTHING
01:04:55,SP-FUTURE,3128.0,173,3128.0,2665,NOTHING
01:04:56,SP-FUTURE,3128.0,830,3128.0,2008,NOTHING
01:04:58,SP-FUTURE,3128.0,604,3128.0,2234,NOTHING
01:04:58,SP-FUTURE,3128.0,495,3128.0,2343,NOTHING
01:05:00,SP-FUTURE,3128.0,826,3128.0,2012,NOTHING
01:05:01,SP-FUTURE,3129.0,942,3129.0,1896,NOTHING
01:05:01,SP-FUTURE,3129.0,2521,3130.0,317,NOTHING
01:05:02,SP-FUTURE,3129.0,1706,3130.0,1132,NOTHING
01:05:03,SP-FUTURE,3129.0,1465,3130.0,1373,NOTHING
01:05:04,SP-FUTURE,3129.0,2612,3130.0,226,NOTHING
01:05:05,SP-FUTURE,3129.0,2613,3130.0,225,NOTHING
01:05:06,SP-FUTURE,3131.0,2036,3131.0,802,NOTHING
01:05:08,SP-FUTURE,3131.0,2041,3131.0,797,NOTHING
01:05:08,SP-FUTURE,3131.0,2132,3131.0,706,NOTHING
01:05:08,SP-FUTURE,3131.0,2105,3131.0,733,NOTHING
01:05:10,SP-FUTURE,3131.0,2425,3131.0,413,NOTHING
01:05:11,SP-FUTURE,3131.0,1387,3132.0,1451,NOTHING
01:05:13,SP-FUTURE,3131.0,2723,3131.0,115,NOTHING
01:05:13,SP-FUTURE,3132.0,2099,3133.0,739,NOTHING
01:05:14,SP-FUTURE,3133.0,2774,3133.0,64,NOTHING
01:05:15,SP-FUTURE,3133.0,2610,3133.0,228,NOTHING
01:05:17,SP-FUTURE,3133.0,1934,3133.0,904,NOTHING
01:05:17,SP-FUTURE,3134.0,2203,3134.0,635,NOTHING
01:05:19,SP-FUTURE,3134.0,604,3134.0,2234,NOTHING
01:05:20,SP-FUTURE,3134.0,522,3134.0,2316,NOTHING
01:05:21,SP-FUTURE,3135.0,1231,3135.0,1607,NOTHING
01:05:23,SP-FUTURE,3135.0,275,3135.0,2563,NOTHING
01:05:23,SP-FUTURE,3135.0,1494,3136.0,1344,NOTHING
01:05:25,SP-FUTURE,3135.0,607,3136.0,2231,NOTHING
01:05:25,SP-FUTURE,3135.0,1618,3135.0,1220,NOTHING
01:05:27,SP-FUTURE,3135.0,2754,3135.0,84,NOTHING
01:05:29,SP-FUTURE,3135.0,2213,3135.0,625,NOTHING
01:05:30,SP-FUTURE,3135.0,1977,3135.0,861,NOTHING
01:05:31,SP-FUTURE,3135.0,231,3136.0,2607,NOTHING
01:05:32,SP-FUTURE,3135.0,2699,3135.0,139,NOTHING
01:05:32,SP-FUTURE,3135.0,2662,3136.0,176,NOTHING
01:05:32,SP-FUTURE,3136.0,1259,3136.0,1579,NOTHING
01:05:34,SP-FUTURE,3135.0,2444,3136.0,394,NOTHING
01:05:35,SP-FUTURE,3135.0,664,3136.0,2174,NOTHING
01:05:36,SP-FUTURE,3135.0,1478,3136.0,1360,NOTHING
01:05:38,SP-FUTURE,3135.0,1458,3136.0,1380,NOTHING
01:05:39,SP-FUTURE,3136.0,105,3136.0,2733,NOTHING
01:05:39,SP-FUTURE,3136.0,354,3136.0,2484,NOTHING
01:05:40,SP-FUTURE,3136.0,942,3136.0,1896,NOTHING
01:05:41,SP-FUTURE,3136.0,1002,3136.0,1836,NOTHING
01:05:42,SP-FUTURE,3136.0,2621,3136.0,217,NOTHING
01:05:42,SP-FUTURE,3136.0,2334,3136.0,504,NOTHING
01:05:43,SP-FUTURE,3136.0,1093,3136.0,1745,NOTHING
01:05:46,SP-FUTURE,3136.0,1099,3136.0,1739,NOTHING
01:05:47,SP-FUTURE,3135.0,2087,3136.0,751,NOTHING
01:05:48,SP-FUTURE,3135.0,1020,3135.0,1818,NOTHING
01:05:49,SP-FUTURE,3135.0,2193,3135.0,645,NOTHING
01:05:50,SP-FUTURE,3134.0,2760,3135.0,78,NOTHING
01:05:51,SP-FUTURE,3135.0,113,3135.0,2725,NOTHING
01:05:53,SP-FUTURE,3135.0,110,3135.0,2728,NOTHING
01:05:53,SP-FUTURE,3135.0,2650,3135.0,188,NOTHING
01:05:55,SP-FUTURE,3135.0,1808,3135.0,1030,NOTHING
01:05:56,SP-FUTURE,3136.0,2013,3136.0,825,NOTHING
01:05:57,SP-FUTURE,3136.0,2579,3136.0,259,NOTHING
01:05:58,SP-FUTURE,3136.0,2141,3136.0,697,NOTHING
01:06:00,SP-FUTURE,3136.0,2362,3136.0,476,NOTHING
01:06:01,SP-FUTURE,3136.0,2254,3136.0,584,NOTHING
01:06:03,SP-FUTURE,3136.0,437,3136.0,2401,NOTHING
01:06:04,SP-FUTURE,3136.0,1152,3136.0,1686,NOTHING
01:06:05,SP-FUTURE,3136.0,448,3136.0,2390,NOTHING
01:06:06,SP-FUTURE,3136.0,793,3136.0,2045,NOTHING
01:06:07,SP-FUTURE,3136.0,1036,3136.0,1802,NOTHING
01:06:08,SP-FUTURE,3136.0,807,3136.0,2031,NOTHING
01:06:08,SP-FUTURE,3138.0,326,3138.0,2512,NOTHING
01:06:10,SP-FUTURE,3138.0,441,3138.0,2397,NOTHING
01:06:10,SP-FUTURE,3138.0,45,3138.0,2793,NOTHING
01:06:12,SP-FUTURE,3137.0,1336,3137.0,1502,NOTHING
01:06:13,SP-FUTURE,3137.0,1111,3137.0,1727,NOTHING
01:06:13,SP-FUTURE,3137.0,720,3137.0,2118,NOTHING
01:06:14,SP-FUTURE,3137.0,87,3138.0,2751,NOTHING
01:06:15,SP-FUTURE,3137.0,2440,3137.0,398,NOTHING
01:06:15,SP-FUTURE,3138.0,1800,3138.0,1038,NOTHING
01:06:16,SP-FUTURE,3142.0,135,3142.0,2703,NOTHING
01:06:16,SP-FUTURE,3142.0,1992,3142.0,846,NOTHING
01:06:17,SP-FUTURE,3142.0,481,3142.0,2357,NOTHING
01:06:19,SP-FUTURE,3141.0,2498,3142.0,340,NOTHING
01:06:19,SP-FUTURE,3141.0,2354,3142.0,484,NOTHING
01:06:20,SP-FUTURE,3142.0,1754,3142.0,1084,NOTHING
01:06:20,SP-FUTURE,3143.0,1583,3143.0,1255,NOTHING
01:06:22,SP-FUTURE,3143.0,1836,3143.0,1002,NOTHING
01:06:22,SP-FUTURE,3143.0,2237,3143.0,601,NOTHING
01:06:23,SP-FUTURE,3143.0,900,3143.0,1938,NOTHING
01:06:24,SP-FUTURE,3143.0,265,3143.0,2573,NOTHING
01:06:25,SP-FUTURE,3143.0,2513,3143.0,325,NOTHING
01:06:26,SP-FUTURE,3143.0,2512,3143.0,326,NOTHING
01:06:27,SP-FUTURE,3143.0,2148,3143.0,690,NOTHING
01:06:28,SP-FUTURE,3143.0,2503,3143.0,335,NOTHING
01:06:29,SP-FUTURE,3143.0,2626,3143.0,212,NOTHING
01:06:30,SP-FUTURE,3143.0,126,3144.0,2712,NOTHING
01:06:31,SP-FUTURE,3143.0,72,3144.0,2766,NOTHING
01:06:33,SP-FUTURE,3143.0,114,3144.0,2724,NOTHING
01:06:35,SP-FUTURE,3143.0,100,3144.0,2738,NOTHING
01:06:36,SP-FUTURE,3143.0,1003,3143.0,1835,NOTHING
01:06:38,SP-FUTURE,3143.0,2174,3144.0,664,NOTHING
01:06:38,SP-FUTURE,3143.0,1729,3144.0,1109,NOTHING
01:06:40,SP-FUTURE,3143.0,2197,3144.0,641,NOTHING
01:06:41,SP-FUTURE,3143.0,1328,3144.0,1510,NOTHING
01:06:41,SP-FUTURE,3143.0,2565,3143.0,273,NOTHING
01:06:42,SP-FUTURE,3143.0,1201,3143.0,1637,NOTHING
01:06:42,SP-FUTURE,3143.0,1427,3144.0,1411,NOTHING
01:06:42,SP-FUTURE,3143.0,708,3144.0,2130,NOTHING
01:06:44,SP-FUTURE,3143.0,1179,3144.0,1659,NOTHING
01:06:45,SP-FUTURE,3143.0,1133,3144.0,1705,NOTHING
01:06:47,SP-FUTURE,3144.0,1234,3144.0,1604,NOTHING
01:06:48,SP-FUTURE,3144.0,2032,3144.0,806,NOTHING
01:06:49,SP-FUTURE,3144.0,2533,3144.0,305,NOTHING
01:06:50,SP-FUTURE,3144.0,1840,3144.0,998,NOTHING
01:06:50,SP-FUTURE,3144.0,1968,3144.0,870,NOTHING
01:06:52,SP-FUTURE,3144.0,1880,3144.0,958,NOTHING
01:06:53,SP-FUTURE,3144.0,394,3144.0,2444,NOTHING
01:06:55,SP-FUTURE,3143.0,1168,3144.0,1670,NOTHING
01:06:55,SP-FUTURE,3143.0,1093,3144.0,1745,NOTHING
01:06:57,SP-FUTURE,3143.0,1031,3143.0,1807,NOTHING
01:06:58,SP-FUTURE,3144.0,2766,3144.0,72,NOTHING
01:06:59,SP-FUTURE,3144.0,1917,3144.0,921,NOTHING
01:06:59,SP-FUTURE,3144.0,1011,3144.0,1827,NOTHING
01:07:00,SP-FUTURE,3144.0,2828,3145.0,10,NOTHING
01:07:02,SP-FUTURE,3144.0,2779,3145.0,59,NOTHING
01:07:02,SP-FUTURE,3144.0,2602,3145.0,236,NOTHING
01:07:04,SP-FUTURE,3144.0,1578,3145.0,1260,NOTHING
01:07:05,SP-FUTURE,3144.0,1382,3145.0,1456,NOTHING
01:07:07,SP-FUTURE,3144.0,2438,3145.0,400,NOTHING
01:07:07,SP-FUTURE,3144.0,391,3145.0,2447,NOTHING
01:07:08,SP-FUTURE,3147.0,2036,3147.0,802,NOTHING
01:07:10,SP-FUTURE,3147.0,209,3147.0,2629,NOTHING
01:07:11,SP-FUTURE,3147.0,56,3147.0,2782,NOTHING
01:07:12,SP-FUTURE,3147.0,365,3147.0,2473,NOTHING
01:07:12,SP-FUTURE,3147.0,1113,3147.0,1725,NOTHING
01:07:14,SP-FUTURE,3147.0,320,3147.0,2518,NOTHING
01:07:14,SP-FUTURE,3147.0,399,3147.0,2439,NOTHING
01:07:15,SP-FUTURE,3147.0,2020,3147.0,818,NOTHING
01:07:15,SP-FUTURE,3147.0,921,3147.0,1917,NOTHING
01:07:16,SP-FUTURE,3147.0,638,3147.0,2200,NOTHING
01:07:17,SP-FUTURE,3147.0,654,3147.0,2184,NOTHING
01:07:18,SP-FUTURE,3147.0,2,3147.0,2836,NOTHING
01:07:19,SP-FUTURE,3147.0,294,3147.0,2544,NOTHING
01:07:20,SP-FUTURE,3147.0,293,3147.0,2545,NOTHING
01:07:21,SP-FUTURE,3147.0,569,3147.0,2269,NOTHING
01:07:21,SP-FUTURE,3147.0,535,3147.0,2303,NOTHING
01:07:23,SP-FUTURE,3147.0,2383,3147.0,455,NOTHING
01:07:24,SP-FUTURE,3147.0,2558,3147.0,280,NOTHING
01:07:25,SP-FUTURE,3147.0,1371,3147.0,1467,NOTHING
01:07:26,SP-FUTURE,3143.0,89,3143.0,2749,NOTHING
01:07:27,SP-FUTURE,3143.0,98,3143.0,2740,NOTHING
01:07:27,SP-FUTURE,3143.0,130,3143.0,2708,NOTHING
01:07:28,SP-FUTURE,3143.0,2406,3143.0,432,NOTHING
01:07:29,SP-FUTURE,3143.0,2256,3143.0,582,NOTHING
01:07:30,SP-FUTURE,3142.0,2646,3143.0,192,NOTHING
01:07:30,SP-FUTURE,3142.0,798,3143.0,2040,NOTHING
01:07:31,SP-FUTURE,3141.0,1933,3142.0,905,NOTHING
01:07:33,SP-FUTURE,3141.0,1999,3141.0,839,NOTHING
01:07:34,SP-FUTURE,3141.0,2207,3141.0,631,NOTHING
01:07:35,SP-FUTURE,3141.0,1696,3141.0,1142,NOTHING
01:07:36,SP-FUTURE,3141.0,1660,3141.0,1178,NOTHING
01:07:38,SP-FUTURE,3141.0,1771,3141.0,1067,NOTHING
01:07:39,SP-FUTURE,3141.0,1042,3141.0,1796,NOTHING
01:07:40,SP-FUTURE,3141.0,1752,3142.0,1086,NOTHING
01:07:41,SP-FUTURE,3141.0,1312,3142.0,1526,NOTHING
01:07:43,SP-FUTURE,3141.0,2510,3142.0,328,NOTHING
01:07:44,SP-FUTURE,3141.0,2355,3142.0,483,NOTHING
01:07:44,SP-FUTURE,3141.0,2366,3142.0,472,NOTHING
01:07:46,SP-FUTURE,3140.0,469,3141.0,2369,NOTHING
01:07:47,SP-FUTURE,3140.0,646,3140.0,2192,NOTHING
01:07:48,SP-FUTURE,3140.0,749,3140.0,2089,NOTHING
01:07:49,SP-FUTURE,3141.0,2630,3141.0,208,NOTHING
01:07:50,SP-FUTURE,3141.0,2144,3141.0,694,NOTHING
01:07:51,SP-FUTURE,3141.0,587,3141.0,2251,NOTHING
01:07:52,SP-FUTURE,3139.0,1334,3139.0,1504,NOTHING
01:07:52,SP-FUTURE,3139.0,1384,3139.0,1454,NOTHING
01:07:53,SP-FUTURE,3141.0,307,3141.0,2531,NOTHING
01:07:55,SP-FUTURE,3141.0,138,3141.0,2700,NOTHING
01:07:57,SP-FUTURE,3141.0,1974,3141.0,864,NOTHING
01:07:58,SP-FUTURE,3141.0,1504,3142.0,1334,NOTHING
01:07:59,SP-FUTURE,3141.0,1457,3142.0,1381,NOTHING
01:08:01,SP-FUTURE,3142.0,268,3142.0,2570,NOTHING
01:08:01,SP-FUTURE,3142.0,1075,3142.0,1763,NOTHING
01:08:02,SP-FUTURE,3142.0,774,3142.0,2064,NOTHING
01:08:03,SP-FUTURE,3142.0,795,3142.0,2043,NOTHING
01:08:04,SP-FUTURE,3142.0,555,3142.0,2283,NOTHING
01:08:04,SP-FUTURE,3142.0,1221,3142.0,1617,NOTHING
01:08:05,SP-FUTURE,3142.0,468,3142.0,2370,NOTHING
01:08:08,SP-FUTURE,3142.0,594,3142.0,2244,NOTHING
01:08:08,SP-FUTURE,3142.0,2745,3142.0,93,NOTHING
01:08:10,SP-FUTURE,3142.0,373,3143.0,2465,NOTHING
01:08:11,SP-FUTURE,3142.0,364,3143.0,2474,NOTHING
01:08:12,SP-FUTURE,3142.0,383,3143.0,2455,NOTHING
01:08:13,SP-FUTURE,3142.0,405,3143.0,2433,NOTHING
01:08:14,SP-FUTURE,3142.0,2509,3142.0,329,NOTHING
01:08:15,SP-FUTURE,3142.0,2266,3143.0,572,NOTHING
01:08:16,SP-FUTURE,3142.0,517,3143.0,2321,NOTHING
01:08:17,SP-FUTURE,3143.0,1320,3143.0,1518,NOTHING
01:08:18,SP-FUTURE,3143.0,1234,3143.0,1604,NOTHING
01:08:19,SP-FUTURE,3143.0,1129,3143.0,1709,NOTHING
01:08:20,SP-FUTURE,3143.0,269,3143.0,2569,NOTHING
01:08:21,SP-FUTURE,3143.0,1694,3144.0,1144,NOTHING
01:08:23,SP-FUTURE,3143.0,1686,3144.0,1152,NOTHING
01:08:24,SP-FUTURE,3143.0,2514,3143.0,324,NOTHING
01:08:25,SP-FUTURE,3143.0,516,3144.0,2322,NOTHING
01:08:26,SP-FUTURE,3143.0,501,3144.0,2337,NOTHING
01:08:27,SP-FUTURE,3143.0,502,3144.0,2336,NOTHING
01:08:28,SP-FUTURE,3143.0,351,3143.0,2487,NOTHING
01:08:29,SP-FUTURE,3144.0,479,3144.0,2359,NOTHING
01:08:30,SP-FUTURE,3143.0,2589,3144.0,249,NOTHING
01:08:32,SP-FUTURE,3143.0,2590,3144.0,248,NOTHING
01:08:33,SP-FUTURE,3145.0,1966,3145.0,872,NOTHING
01:08:34,SP-FUTURE,3145.0,239,3145.0,2599,NOTHING
01:08:35,SP-FUTURE,3145.0,1346,3145.0,1492,NOTHING
01:08:35,SP-FUTURE,3145.0,223,3145.0,2615,NOTHING
01:08:37,SP-FUTURE,3144.0,2737,3145.0,101,NOTHING
01:08:39,SP-FUTURE,3144.0,2537,3145.0,301,NOTHING
01:08:40,SP-FUTURE,3144.0,2060,3145.0,778,NOTHING
01:08:41,SP-FUTURE,3145.0,1240,3145.0,1598,NOTHING
01:08:42,SP-FUTURE,3146.0,1165,3147.0,1673,NOTHING
01:08:42,SP-FUTURE,3146.0,1961,3147.0,877,NOTHING
01:08:43,SP-FUTURE,3146.0,1120,3147.0,1718,NOTHING
01:08:45,SP-FUTURE,3147.0,1089,3147.0,1749,NOTHING
01:08:46,SP-FUTURE,3146.0,1252,3146.0,1586,NOTHING
01:08:47,SP-FUTURE,3146.0,2330,3147.0,508,NOTHING
01:08:48,SP-FUTURE,3147.0,141,3147.0,2697,NOTHING
01:08:50,SP-FUTURE,3147.0,728,3147.0,2110,NOTHING
01:08:51,SP-FUTURE,3147.0,2455,3147.0,383,NOTHING
01:08:53,SP-FUTURE,3147.0,730,3147.0,2108,NOTHING
01:08:53,SP-FUTURE,3147.0,746,3147.0,2092,NOTHING
01:08:54,SP-FUTURE,3147.0,1429,3147.0,1409,NOTHING
01:08:55,SP-FUTURE,3147.0,1116,3147.0,1722,NOTHING
01:08:57,SP-FUTURE,3147.0,1140,3147.0,1698,NOTHING
01:08:57,SP-FUTURE,3147.0,2821,3147.0,17,NOTHING
01:08:58,SP-FUTURE,3147.0,194,3147.0,2644,NOTHING
01:08:59,SP-FUTURE,3148.0,139,3148.0,2699,NOTHING
01:09:00,SP-FUTURE,3148.0,937,3148.0,1901,NOTHING
01:09:01,SP-FUTURE,3148.0,908,3148.0,1930,NOTHING
01:09:02,SP-FUTURE,3148.0,914,3148.0,1924,NOTHING
01:09:02,SP-FUTURE,3148.0,973,3148.0,1865,NOTHING
01:09:04,SP-FUTURE,3147.0,1859,3147.0,979,NOTHING
01:09:05,SP-FUTURE,3147.0,2184,3147.0,654,NOTHING
01:09:05,SP-FUTURE,3147.0,2114,3147.0,724,NOTHING
01:09:07,SP-FUTURE,3147.0,2771,3147.0,67,NOTHING
01:09:08,SP-FUTURE,3147.0,245,3147.0,2593,NOTHING
01:09:09,SP-FUTURE,3147.0,1330,3148.0,1508,NOTHING
01:09:10,SP-FUTURE,3147.0,2352,3148.0,486,NOTHING
01:09:11,SP-FUTURE,3147.0,2799,3148.0,39,NOTHING
01:09:12,SP-FUTURE,3147.0,2669,3147.0,169,NOTHING
01:09:14,SP-FUTURE,3148.0,2103,3148.0,735,NOTHING
01:09:14,SP-FUTURE,3148.0,2250,3148.0,588,NOTHING
01:09:15,SP-FUTURE,3148.0,2178,3148.0,660,NOTHING
01:09:16,SP-FUTURE,3148.0,2180,3148.0,658,NOTHING
01:09:17,SP-FUTURE,3148.0,2178,3148.0,660,NOTHING
01:09:17,SP-FUTURE,3148.0,174,3148.0,2664,NOTHING
01:09:18,SP-FUTURE,3147.0,1353,3147.0,1485,NOTHING
01:09:19,SP-FUTURE,3147.0,2152,3147.0,686,NOTHING
01:09:19,SP-FUTURE,3148.0,1016,3148.0,1822,NOTHING
01:09:19,SP-FUTURE,3148.0,1531,3148.0,1307,NOTHING
01:09:20,SP-FUTURE,3147.0,967,3148.0,1871,NOTHING
01:09:21,SP-FUTURE,3147.0,967,3148.0,1871,NOTHING
01:09:22,SP-FUTURE,3147.0,974,3148.0,1864,NOTHING
01:09:22,SP-FUTURE,3148.0,949,3148.0,1889,NOTHING
01:09:23,SP-FUTURE,3148.0,1218,3148.0,1620,NOTHING
01:09:24,SP-FUTURE,3148.0,789,3148.0,2049,NOTHING
01:09:25,SP-FUTURE,3148.0,1320,3148.0,1518,NOTHING
01:09:27,SP-FUTURE,3148.0,2770,3148.0,68,NOTHING
01:09:28,SP-FUTURE,3148.0,1888,3148.0,950,NOTHING
01:09:28,SP-FUTURE,3148.0,1886,3148.0,952,NOTHING
01:09:31,SP-FUTURE,3148.0,1936,3148.0,902,NOTHING
01:09:31,SP-FUTURE,3148.0,1933,3148.0,905,NOTHING
01:09:32,SP-FUTURE,3148.0,1420,3148.0,1418,NOTHING
01:09:33,SP-FUTURE,3148.0,1462,3148.0,1376,NOTHING
01:09:34,SP-FUTURE,3148.0,1687,3148.0,1151,NOTHING
01:09:35,SP-FUTURE,3148.0,1649,3148.0,1189,NOTHING
01:09:35,SP-FUTURE,3148.0,1630,3148.0,1208,NOTHING
01:09:37,SP-FUTURE,3148.0,1441,3148.0,1397,NOTHING
01:09:38,SP-FUTURE,3148.0,1728,3148.0,1110,NOTHING
01:09:39,SP-FUTURE,3147.0,2074,3147.0,764,NOTHING
01:09:41,SP-FUTURE,3147.0,1428,3148.0,1410,NOTHING
01:09:42,SP-FUTURE,3147.0,1870,3148.0,968,NOTHING
01:09:44,SP-FUTURE,3148.0,2558,3148.0,280,NOTHING
01:09:46,SP-FUTURE,3148.0,2543,3148.0,295,NOTHING
01:09:47,SP-FUTURE,3152.0,896,3152.0,1942,NOTHING
01:09:47,SP-FUTURE,3152.0,937,3152.0,1901,NOTHING
01:09:48,SP-FUTURE,3152.0,1169,3152.0,1669,NOTHING
01:09:50,SP-FUTURE,3151.0,887,3152.0,1951,NOTHING
01:09:52,SP-FUTURE,3151.0,1568,3152.0,1270,NOTHING
01:09:53,SP-FUTURE,3151.0,627,3152.0,2211,NOTHING
01:09:54,SP-FUTURE,3151.0,320,3152.0,2518,NOTHING
01:09:55,SP-FUTURE,3151.0,2814,3151.0,24,NOTHING
01:09:56,SP-FUTURE,3151.0,2296,3151.0,542,NOTHING
01:09:57,SP-FUTURE,3152.0,2729,3152.0,109,NOTHING
01:09:59,SP-FUTURE,3152.0,30,3152.0,2808,NOTHING
01:10:01,SP-FUTURE,3152.0,24,3152.0,2814,NOTHING
01:10:02,SP-FUTURE,3152.0,482,3152.0,2356,NOTHING
01:10:03,SP-FUTURE,3152.0,1027,3152.0,1811,NOTHING
01:10:04,SP-FUTURE,3151.0,2351,3151.0,487,NOTHING
01:10:06,SP-FUTURE,3150.0,1905,3151.0,933,NOTHING
01:10:07,SP-FUTURE,3150.0,2503,3151.0,335,NOTHING
01:10:07,SP-FUTURE,3151.0,1101,3151.0,1737,NOTHING
01:10:09,SP-FUTURE,3147.0,1498,3147.0,1340,NOTHING
01:10:10,SP-FUTURE,3147.0,1542,3147.0,1296,NOTHING
01:10:11,SP-FUTURE,3147.0,2175,3147.0,663,NOTHING
01:10:13,SP-FUTURE,3147.0,805,3147.0,2033,NOTHING
01:10:13,SP-FUTURE,3147.0,1460,3147.0,1378,NOTHING
01:10:14,SP-FUTURE,3147.0,1398,3147.0,1440,NOTHING
01:10:15,SP-FUTURE,3147.0,1244,3147.0,1594,NOTHING
01:10:17,SP-FUTURE,3147.0,229,3147.0,2609,NOTHING
01:10:18,SP-FUTURE,3146.0,1905,3146.0,933,NOTHING
01:10:19,SP-FUTURE,3146.0,386,3146.0,2452,NOTHING
01:10:20,SP-FUTURE,3146.0,1774,3146.0,1064,NOTHING
01:10:21,SP-FUTURE,3146.0,2813,3146.0,25,NOTHING
01:10:22,SP-FUTURE,3147.0,1524,3147.0,1314,NOTHING
01:10:23,SP-FUTURE,3146.0,666,3146.0,2172,NOTHING
01:10:25,SP-FUTURE,3146.0,2236,3146.0,602,NOTHING
01:10:26,SP-FUTURE,3146.0,1950,3146.0,888,NOTHING
01:10:27,SP-FUTURE,3145.0,2400,3146.0,438,NOTHING
01:10:28,SP-FUTURE,3145.0,2296,3146.0,542,NOTHING
01:10:30,SP-FUTURE,3145.0,1372,3145.0,1466,NOTHING
01:10:30,SP-FUTURE,3145.0,2287,3145.0,551,NOTHING
01:10:31,SP-FUTURE,3145.0,2834,3145.0,4,NOTHING
01:10:33,SP-FUTURE,3145.0,2815,3145.0,23,NOTHING
01:10:34,SP-FUTURE,3145.0,841,3145.0,1997,NOTHING
01:10:35,SP-FUTURE,3146.0,244,3146.0,2594,NOTHING
01:10:36,SP-FUTURE,3145.0,2818,3146.0,20,NOTHING
01:10:38,SP-FUTURE,3146.0,2657,3146.0,181,NOTHING
01:10:39,SP-FUTURE,3146.0,426,3146.0,2412,NOTHING
01:10:40,SP-FUTURE,3146.0,1383,3147.0,1455,NOTHING
01:10:41,SP-FUTURE,3147.0,124,3147.0,2714,NOTHING
01:10:42,SP-FUTURE,3147.0,406,3147.0,2432,NOTHING
01:10:43,SP-FUTURE,3146.0,371,3147.0,2467,NOTHING
01:10:44,SP-FUTURE,3148.0,1638,3148.0,1200,NOTHING
01:10:45,SP-FUTURE,3148.0,1493,3148.0,1345,NOTHING
01:10:45,SP-FUTURE,3148.0,75,3148.0,2763,NOTHING
01:10:46,SP-FUTURE,3148.0,109,3148.0,2729,NOTHING
01:10:47,SP-FUTURE,3148.0,1855,3148.0,983,NOTHING
01:10:48,SP-FUTURE,3147.0,1938,3148.0,900,NOTHING
01:10:48,SP-FUTURE,3147.0,2651,3147.0,187,NOTHING
01:10:49,SP-FUTURE,3147.0,2613,3147.0,225,NOTHING
01:10:51,SP-FUTURE,3147.0,309,3148.0,2529,NOTHING
01:10:52,SP-FUTURE,3147.0,297,3148.0,2541,NOTHING
01:10:53,SP-FUTURE,3147.0,273,3148.0,2565,NOTHING
01:10:55,SP-FUTURE,3147.0,2442,3147.0,396,NOTHING
01:10:55,SP-FUTURE,3147.0,1748,3147.0,1090,NOTHING
01:10:56,SP-FUTURE,3147.0,50,3147.0,2788,NOTHING
01:10:57,SP-FUTURE,3147.0,747,3147.0,2091,NOTHING
01:10:58,SP-FUTURE,3148.0,1786,3148.0,1052,NOTHING
01:10:59,SP-FUTURE,3151.0,1436,3152.0,1402,NOTHING
01:11:01,SP-FUTURE,3151.0,1229,3152.0,1609,NOTHING
01:11:02,SP-FUTURE,3151.0,2538,3151.0,300,NOTHING
01:11:04,SP-FUTURE,3151.0,265,3151.0,2573,NOTHING
01:11:05,SP-FUTURE,3151.0,1123,3151.0,1715,NOTHING
01:11:07,SP-FUTURE,3151.0,2826,3151.0,12,NOTHING
01:11:08,SP-FUTURE,3151.0,133,3151.0,2705,NOTHING
01:11:09,SP-FUTURE,3151.0,645,3151.0,2193,NOTHING
01:11:10,SP-FUTURE,3151.0,525,3151.0,2313,NOTHING
01:11:11,SP-FUTURE,3151.0,488,3151.0,2350,NOTHING
01:11:12,SP-FUTURE,3151.0,526,3151.0,2312,NOTHING
01:11:14,SP-FUTURE,3151.0,526,3151.0,2312,NOTHING
01:11:15,SP-FUTURE,3150.0,2558,3151.0,280,NOTHING
01:11:16,SP-FUTURE,3150.0,2547,3151.0,291,NOTHING
01:11:17,SP-FUTURE,3150.0,1885,3151.0,953,NOTHING
01:11:17,SP-FUTURE,3150.0,2033,3151.0,805,NOTHING
01:11:19,SP-FUTURE,3151.0,2779,3151.0,59,NOTHING
01:11:19,SP-FUTURE,3151.0,731,3151.0,2107,NOTHING
01:11:21,SP-FUTURE,3150.0,2225,3151.0,613,NOTHING
01:11:22,SP-FUTURE,3151.0,2681,3151.0,157,NOTHING
01:11:23,SP-FUTURE,3150.0,1821,3151.0,1017,NOTHING
01:11:23,SP-FUTURE,3151.0,737,3151.0,2101,NOTHING
01:11:24,SP-FUTURE,3151.0,861,3151.0,1977,NOTHING
01:11:25,SP-FUTURE,3151.0,849,3151.0,1989,NOTHING
01:11:26,SP-FUTURE,3150.0,1707,3150.0,1131,NOTHING
01:11:27,SP-FUTURE,3150.0,277,3150.0,2561,NOTHING
01:11:27,SP-FUTURE,3150.0,2640,3151.0,198,NOTHING
01:11:28,SP-FUTURE,3151.0,2123,3151.0,715,NOTHING
01:11:29,SP-FUTURE,3151.0,2270,3151.0,568,NOTHING
01:11:30,SP-FUTURE,3151.0,2278,3151.0,560,NOTHING
01:11:31,SP-FUTURE,3151.0,1204,3151.0,1634,NOTHING
01:11:32,SP-FUTURE,3151.0,151,3151.0,2687,NOTHING
01:11:34,SP-FUTURE,3151.0,177,3151.0,2661,NOTHING
01:11:35,SP-FUTURE,3151.0,1306,3151.0,1532,NOTHING
01:11:35,SP-FUTURE,3151.0,2120,3151.0,718,NOTHING
01:11:36,SP-FUTURE,3151.0,46,3152.0,2792,NOTHING
01:11:38,SP-FUTURE,3151.0,1423,3151.0,1415,NOTHING
01:11:40,SP-FUTURE,3151.0,1347,3151.0,1491,NOTHING
01:11:40,SP-FUTURE,3151.0,1064,3151.0,1774,NOTHING
01:11:42,SP-FUTURE,3150.0,1682,3150.0,1156,NOTHING
01:11:42,SP-FUTURE,3150.0,1850,3150.0,988,NOTHING
01:11:45,SP-FUTURE,3150.0,1912,3150.0,926,NOTHING
01:11:45,SP-FUTURE,3150.0,1677,3150.0,1161,NOTHING
01:11:47,SP-FUTURE,3150.0,1148,3150.0,1690,NOTHING
01:11:48,SP-FUTURE,3149.0,2066,3150.0,772,NOTHING
01:11:49,SP-FUTURE,3149.0,2075,3150.0,763,NOTHING
01:11:52,SP-FUTURE,3149.0,2075,3150.0,763,NOTHING
01:11:52,SP-FUTURE,3150.0,1614,3150.0,1224,NOTHING
01:11:53,SP-FUTURE,3150.0,1990,3150.0,848,NOTHING
01:11:54,SP-FUTURE,3150.0,1020,3150.0,1818,NOTHING
01:11:54,SP-FUTURE,3150.0,1021,3150.0,1817,NOTHING
01:11:55,SP-FUTURE,3150.0,1123,3150.0,1715,NOTHING
01:11:56,SP-FUTURE,3150.0,672,3150.0,2166,NOTHING
01:11:57,SP-FUTURE,3150.0,672,3150.0,2166,NOTHING
01:11:58,SP-FUTURE,3149.0,2543,3150.0,295,NOTHING
01:11:59,SP-FUTURE,3149.0,2420,3150.0,418,NOTHING
01:12:00,SP-FUTURE,3149.0,821,3150.0,2017,NOTHING
01:12:01,SP-FUTURE,3149.0,864,3150.0,1974,NOTHING
01:12:02,SP-FUTURE,3149.0,861,3150.0,1977,NOTHING
01:12:03,SP-FUTURE,3149.0,1257,3150.0,1581,NOTHING
01:12:04,SP-FUTURE,3149.0,2070,3149.0,768,NOTHING
01:12:06,SP-FUTURE,3146.0,2033,3147.0,805,NOTHING
01:12:06,SP-FUTURE,3147.0,2110,3147.0,728,NOTHING
01:12:07,SP-FUTURE,3147.0,1892,3147.0,946,NOTHING
01:12:14,SP-FUTURE,3146.0,604,3147.0,2234,NOTHING
01:12:24,SP-FUTURE,3145.0,2636,3145.0,202,NOTHING
01:12:36,SP-FUTURE,3147.0,2607,3148.0,231,NOTHING
01:12:37,SP-FUTURE,3148.0,815,3148.0,2023,NOTHING
01:12:38,SP-FUTURE,3148.0,786,3148.0,2052,NOTHING
01:12:40,SP-FUTURE,3148.0,492,3148.0,2346,NOTHING
01:12:45,SP-FUTURE,3148.0,37,3148.0,2801,NOTHING
01:12:56,SP-FUTURE,3147.0,53,3148.0,2785,NOTHING
01:13:08,SP-FUTURE,3148.0,1664,3149.0,1174,NOTHING
01:13:09,SP-FUTURE,3148.0,279,3149.0,2559,NOTHING
01:13:14,SP-FUTURE,3149.0,875,3149.0,1963,NOTHING
01:13:18,SP-FUTURE,3148.0,823,3148.0,2015,NOTHING
01:13:21,SP-FUTURE,3144.0,1009,3145.0,1829,NOTHING
01:13:27,SP-FUTURE,3144.0,762,3145.0,2076,NOTHING
01:13:35,SP-FUTURE,3145.0,1681,3146.0,1157,NOTHING
01:13:41,SP-FUTURE,3146.0,1419,3146.0,1419,NOTHING
01:13:44,SP-FUTURE,3146.0,706,3146.0,2132,NOTHING
01:13:54,SP-FUTURE,3145.0,417,3145.0,2421,NOTHING
01:13:57,SP-FUTURE,3146.0,1508,3146.0,1330,NOTHING
01:14:04,SP-FUTURE,3146.0,138,3146.0,2700,NOTHING
01:14:07,SP-FUTURE,3144.0,1059,3144.0,1779,NOTHING
01:14:12,SP-FUTURE,3144.0,564,3145.0,2274,NOTHING
01:14:16,SP-FUTURE,3145.0,441,3145.0,2397,NOTHING
01:14:20,SP-FUTURE,3145.0,1825,3145.0,1013,NOTHING
01:14:34,SP-FUTURE,3145.0,2347,3146.0,491,NOTHING
01:14:42,SP-FUTURE,3147.0,834,3147.0,2004,NOTHING
01:14:47,SP-FUTURE,3147.0,1070,3147.0,1768,NOTHING
01:15:00,SP-FUTURE,3147.0,372,3147.0,2466,SELL
01:15:02,SP-FUTURE,3150.0,1944,3150.0,894,SELL
01:15:05,SP-FUTURE,3150.0,474,3150.0,2364,SELL
01:15:08,SP-FUTURE,3150.0,499,3150.0,2339,SELL
01:15:10,SP-FUTURE,3150.0,55,3150.0,2783,SELL
01:15:11,SP-FUTURE,3150.0,997,3150.0,1841,SELL
01:15:14,SP-FUTURE,3150.0,300,3150.0,2538,SELL
01:15:19,SP-FUTURE,3150.0,758,3150.0,2080,SELL
01:15:37,SP-FUTURE,3156.0,1246,3156.0,1592,SELL
01:15:51,SP-FUTURE,3158.0,489,3158.0,2349,SELL
01:15:52,SP-FUTURE,3158.0,128,3158.0,2710,SELL
01:15:54,SP-FUTURE,3158.0,116,3158.0,2722,SELL
01:15:59,SP-FUTURE,3157.0,356,3158.0,2482,SELL
01:16:00,SP-FUTURE,3157.0,1421,3157.0,1417,NOTHING
01:16:01,SP-FUTURE,3157.0,2131,3157.0,707,NOTHING
01:16:03,SP-FUTURE,3154.0,2722,3154.0,116,NOTHING
01:16:04,SP-FUTURE,3154.0,2036,3155.0,802,NOTHING
01:16:07,SP-FUTURE,3152.0,1711,3153.0,1127,NOTHING
01:16:09,SP-FUTURE,3151.0,1995,3151.0,843,NOTHING
01:16:14,SP-FUTURE,3151.0,573,3152.0,2265,NOTHING
01:16:26,SP-FUTURE,3152.0,1260,3152.0,1578,NOTHING
01:16:36,SP-FUTURE,3154.0,443,3154.0,2395,NOTHING
01:16:51,SP-FUTURE,3153.0,2124,3153.0,714,NOTHING
01:16:52,SP-FUTURE,3152.0,1788,3153.0,1050,NOTHING
01:17:04,SP-FUTURE,3153.0,1945,3154.0,893,NOTHING
01:17:07,SP-FUTURE,3152.0,2308,3152.0,530,NOTHING
01:17:10,SP-FUTURE,3152.0,1825,3152.0,1013,NOTHING
01:17:14,SP-FUTURE,3152.0,1479,3153.0,1359,NOTHING
01:17:15,SP-FUTURE,3152.0,1525,3153.0,1313,NOTHING
01:17:15,SP-FUTURE,3153.0,919,3153.0,1919,NOTHING
01:17:16,SP-FUTURE,3153.0,910,3153.0,1928,NOTHING
01:17:17,SP-FUTURE,3153.0,1924,3153.0,914,NOTHING
01:17:19,SP-FUTURE,3153.0,1704,3153.0,1134,NOTHING
01:17:20,SP-FUTURE,3153.0,1901,3153.0,937,NOTHING
01:17:21,SP-FUTURE,3153.0,110,3154.0,2728,NOTHING
01:17:21,SP-FUTURE,3153.0,2787,3153.0,51,NOTHING
01:17:22,SP-FUTURE,3153.0,2544,3153.0,294,NOTHING
01:17:23,SP-FUTURE,3153.0,2424,3153.0,414,NOTHING
01:17:24,SP-FUTURE,3153.0,1967,3153.0,871,NOTHING
01:17:24,SP-FUTURE,3153.0,1984,3153.0,854,NOTHING
01:17:25,SP-FUTURE,3153.0,1428,3153.0,1410,NOTHING
01:17:26,SP-FUTURE,3153.0,2471,3153.0,367,NOTHING
01:17:27,SP-FUTURE,3152.0,577,3152.0,2261,NOTHING
01:17:28,SP-FUTURE,3152.0,2221,3152.0,617,NOTHING
01:17:29,SP-FUTURE,3152.0,1670,3152.0,1168,NOTHING
01:17:30,SP-FUTURE,3152.0,2417,3152.0,421,NOTHING
01:17:31,SP-FUTURE,3151.0,2046,3152.0,792,NOTHING
01:17:33,SP-FUTURE,3151.0,123,3151.0,2715,NOTHING
01:17:35,SP-FUTURE,3151.0,2133,3151.0,705,NOTHING
01:17:35,SP-FUTURE,3151.0,78,3152.0,2760,NOTHING
01:17:36,SP-FUTURE,3151.0,2802,3151.0,36,NOTHING
01:17:37,SP-FUTURE,3151.0,2521,3151.0,317,NOTHING
01:17:38,SP-FUTURE,3151.0,2259,3152.0,579,NOTHING
01:17:40,SP-FUTURE,3152.0,347,3152.0,2491,NOTHING
01:17:42,SP-FUTURE,3152.0,368,3152.0,2470,NOTHING
01:17:42,SP-FUTURE,3152.0,951,3152.0,1887,NOTHING
01:17:43,SP-FUTURE,3152.0,987,3152.0,1851,NOTHING
01:17:43,SP-FUTURE,3152.0,296,3152.0,2542,NOTHING
01:17:44,SP-FUTURE,3152.0,13,3152.0,2825,NOTHING
01:17:45,SP-FUTURE,3153.0,1956,3153.0,882,NOTHING
01:17:46,SP-FUTURE,3153.0,1937,3153.0,901,NOTHING
01:17:47,SP-FUTURE,3153.0,2265,3153.0,573,NOTHING
01:17:47,SP-FUTURE,3153.0,1678,3153.0,1160,NOTHING
01:17:48,SP-FUTURE,3153.0,1102,3153.0,1736,NOTHING
01:17:49,SP-FUTURE,3153.0,1156,3153.0,1682,NOTHING
01:17:50,SP-FUTURE,3153.0,1719,3153.0,1119,NOTHING
01:17:51,SP-FUTURE,3153.0,661,3153.0,2177,NOTHING
01:17:52,SP-FUTURE,3153.0,2464,3153.0,374,NOTHING
01:17:53,SP-FUTURE,3153.0,81,3153.0,2757,NOTHING
01:17:54,SP-FUTURE,3152.0,1023,3153.0,1815,NOTHING
01:17:54,SP-FUTURE,3152.0,1277,3153.0,1561,NOTHING
01:17:57,SP-FUTURE,3152.0,613,3153.0,2225,NOTHING
01:17:58,SP-FUTURE,3153.0,1614,3153.0,1224,NOTHING
01:17:59,SP-FUTURE,3154.0,1030,3155.0,1808,NOTHING
01:18:00,SP-FUTURE,3154.0,2569,3155.0,269,NOTHING
01:18:01,SP-FUTURE,3154.0,1174,3155.0,1664,NOTHING
01:18:01,SP-FUTURE,3154.0,2568,3155.0,270,NOTHING
01:18:02,SP-FUTURE,3154.0,1629,3155.0,1209,NOTHING
01:18:03,SP-FUTURE,3154.0,1445,3155.0,1393,NOTHING
01:18:05,SP-FUTURE,3154.0,1769,3155.0,1069,NOTHING
01:18:06,SP-FUTURE,3155.0,2442,3155.0,396,NOTHING
01:18:07,SP-FUTURE,3155.0,150,3155.0,2688,NOTHING
01:18:08,SP-FUTURE,3155.0,253,3155.0,2585,NOTHING
01:18:09,SP-FUTURE,3155.0,951,3155.0,1887,NOTHING
01:18:10,SP-FUTURE,3155.0,934,3155.0,1904,NOTHING
01:18:11,SP-FUTURE,3155.0,2838,3155.0,2,NOTHING
01:18:12,SP-FUTURE,3156.0,2469,3156.0,371,NOTHING
01:18:13,SP-FUTURE,3156.0,2002,3156.0,838,NOTHING
01:18:14,SP-FUTURE,3154.0,895,3154.0,1945,NOTHING
01:18:15,SP-FUTURE,3154.0,1232,3154.0,1608,NOTHING
01:18:16,SP-FUTURE,3154.0,1305,3154.0,1535,NOTHING
01:18:18,SP-FUTURE,3154.0,1414,3154.0,1426,NOTHING
01:18:20,SP-FUTURE,3151.0,2416,3151.0,424,NOTHING
01:18:21,SP-FUTURE,3151.0,2291,3151.0,549,NOTHING
01:18:22,SP-FUTURE,3151.0,2292,3151.0,548,NOTHING
01:18:23,SP-FUTURE,3151.0,2285,3151.0,555,NOTHING
01:18:25,SP-FUTURE,3151.0,1167,3151.0,1673,NOTHING
01:18:25,SP-FUTURE,3150.0,1329,3151.0,1511,NOTHING
01:18:27,SP-FUTURE,3150.0,2177,3151.0,663,NOTHING
01:18:27,SP-FUTURE,3151.0,305,3151.0,2535,NOTHING
01:18:28,SP-FUTURE,3150.0,1976,3150.0,864,NOTHING
01:18:29,SP-FUTURE,3150.0,1304,3150.0,1536,NOTHING
01:18:30,SP-FUTURE,3150.0,719,3150.0,2121,NOTHING
01:18:31,SP-FUTURE,3150.0,471,3150.0,2369,NOTHING
01:18:32,SP-FUTURE,3149.0,2507,3149.0,333,NOTHING
01:18:33,SP-FUTURE,3150.0,23,3150.0,2817,NOTHING
01:18:34,SP-FUTURE,3149.0,1752,3150.0,1088,NOTHING
01:18:34,SP-FUTURE,3150.0,1395,3150.0,1445,NOTHING
01:18:35,SP-FUTURE,3150.0,1418,3150.0,1422,NOTHING
01:18:38,SP-FUTURE,3150.0,2339,3150.0,501,NOTHING
01:18:39,SP-FUTURE,3151.0,1604,3151.0,1236,NOTHING
01:18:40,SP-FUTURE,3151.0,1654,3151.0,1186,NOTHING
01:18:41,SP-FUTURE,3151.0,49,3151.0,2791,NOTHING
01:18:42,SP-FUTURE,3151.0,2426,3151.0,414,NOTHING
01:18:43,SP-FUTURE,3151.0,363,3151.0,2477,NOTHING
01:18:44,SP-FUTURE,3150.0,2250,3150.0,590,NOTHING
01:18:45,SP-FUTURE,3150.0,546,3150.0,2294,NOTHING
01:18:46,SP-FUTURE,3149.0,6,3149.0,2834,NOTHING
01:18:47,SP-FUTURE,3149.0,1817,3150.0,1023,NOTHING
01:18:48,SP-FUTURE,3150.0,252,3150.0,2588,NOTHING
01:18:49,SP-FUTURE,3150.0,367,3150.0,2473,NOTHING
01:18:49,SP-FUTURE,3150.0,413,3150.0,2427,NOTHING
01:18:49,SP-FUTURE,3149.0,2549,3150.0,291,NOTHING
01:18:50,SP-FUTURE,3149.0,2019,3150.0,821,NOTHING
01:18:51,SP-FUTURE,3150.0,204,3150.0,2636,NOTHING
01:18:53,SP-FUTURE,3147.0,1118,3148.0,1722,NOTHING
01:18:54,SP-FUTURE,3148.0,2329,3148.0,511,NOTHING
01:18:54,SP-FUTURE,3148.0,1116,3148.0,1724,NOTHING
01:18:55,SP-FUTURE,3148.0,46,3148.0,2794,NOTHING
01:18:55,SP-FUTURE,3148.0,1662,3148.0,1178,NOTHING
01:18:56,SP-FUTURE,3148.0,302,3148.0,2538,NOTHING
01:18:56,SP-FUTURE,3147.0,928,3148.0,1912,NOTHING
01:18:57,SP-FUTURE,3147.0,654,3148.0,2186,NOTHING
01:18:58,SP-FUTURE,3147.0,340,3147.0,2500,NOTHING
01:19:01,SP-FUTURE,3147.0,960,3147.0,1880,NOTHING
01:19:02,SP-FUTURE,3147.0,49,3147.0,2791,NOTHING
01:19:02,SP-FUTURE,3147.0,1886,3147.0,954,NOTHING
01:19:03,SP-FUTURE,3146.0,1043,3147.0,1797,NOTHING
01:19:04,SP-FUTURE,3146.0,1037,3147.0,1803,NOTHING
01:19:06,SP-FUTURE,3146.0,1683,3147.0,1157,NOTHING
01:19:07,SP-FUTURE,3146.0,1682,3147.0,1158,NOTHING
01:19:09,SP-FUTURE,3146.0,1162,3147.0,1678,NOTHING
01:19:10,SP-FUTURE,3146.0,2708,3146.0,132,NOTHING
01:19:10,SP-FUTURE,3146.0,1014,3147.0,1826,NOTHING
01:19:11,SP-FUTURE,3146.0,1940,3147.0,900,NOTHING
01:19:11,SP-FUTURE,3146.0,154,3146.0,2686,NOTHING
01:19:13,SP-FUTURE,3146.0,2575,3146.0,265,NOTHING
01:19:13,SP-FUTURE,3146.0,2730,3146.0,110,NOTHING
01:19:14,SP-FUTURE,3146.0,1480,3147.0,1360,NOTHING
01:19:17,SP-FUTURE,3146.0,1633,3147.0,1207,NOTHING
01:19:17,SP-FUTURE,3147.0,748,3147.0,2092,NOTHING
01:19:18,SP-FUTURE,3147.0,1907,3147.0,933,NOTHING
01:19:20,SP-FUTURE,3147.0,70,3147.0,2770,NOTHING
01:19:21,SP-FUTURE,3147.0,2767,3147.0,73,NOTHING
01:19:23,SP-FUTURE,3148.0,883,3148.0,1957,NOTHING
01:19:24,SP-FUTURE,3148.0,527,3148.0,2313,NOTHING
01:19:25,SP-FUTURE,3148.0,398,3148.0,2442,NOTHING
01:19:26,SP-FUTURE,3147.0,1074,3147.0,1766,NOTHING
01:19:27,SP-FUTURE,3147.0,253,3147.0,2587,NOTHING
01:19:29,SP-FUTURE,3146.0,1017,3146.0,1823,NOTHING
01:19:29,SP-FUTURE,3146.0,1848,3146.0,992,NOTHING
01:19:29,SP-FUTURE,3146.0,1358,3146.0,1482,NOTHING
01:19:30,SP-FUTURE,3146.0,1177,3146.0,1663,NOTHING
01:19:32,SP-FUTURE,3146.0,1061,3146.0,1779,NOTHING
01:19:34,SP-FUTURE,3146.0,1059,3146.0,1781,NOTHING
01:19:36,SP-FUTURE,3146.0,1052,3146.0,1788,NOTHING
01:19:36,SP-FUTURE,3146.0,2326,3146.0,514,NOTHING
01:19:38,SP-FUTURE,3146.0,1497,3146.0,1343,NOTHING
01:19:40,SP-FUTURE,3145.0,144,3145.0,2696,NOTHING
01:19:40,SP-FUTURE,3145.0,1760,3145.0,1080,NOTHING
01:19:40,SP-FUTURE,3145.0,1659,3145.0,1181,NOTHING
01:19:41,SP-FUTURE,3145.0,2480,3146.0,360,NOTHING
01:19:42,SP-FUTURE,3145.0,455,3146.0,2385,NOTHING
01:19:43,SP-FUTURE,3145.0,645,3146.0,2195,NOTHING
01:19:43,SP-FUTURE,3144.0,2732,3145.0,108,NOTHING
01:19:45,SP-FUTURE,3144.0,1606,3145.0,1234,NOTHING
01:19:46,SP-FUTURE,3144.0,104,3144.0,2736,NOTHING
01:19:47,SP-FUTURE,3144.0,505,3144.0,2335,NOTHING
01:19:49,SP-FUTURE,3144.0,1751,3144.0,1089,NOTHING
01:19:50,SP-FUTURE,3144.0,1321,3144.0,1519,NOTHING
01:19:52,SP-FUTURE,3145.0,498,3145.0,2342,NOTHING
01:19:53,SP-FUTURE,3146.0,1088,3146.0,1752,NOTHING
01:19:53,SP-FUTURE,3146.0,1387,3146.0,1453,NOTHING
01:19:54,SP-FUTURE,3146.0,2422,3146.0,418,NOTHING
01:19:55,SP-FUTURE,3146.0,1681,3146.0,1159,NOTHING
01:19:56,SP-FUTURE,3145.0,2379,3145.0,461,NOTHING
01:19:57,SP-FUTURE,3145.0,1591,3145.0,1249,NOTHING
01:19:58,SP-FUTURE,3145.0,1045,3145.0,1795,NOTHING
01:19:58,SP-FUTURE,3145.0,920,3145.0,1920,NOTHING
01:19:59,SP-FUTURE,3144.0,1033,3144.0,1807,NOTHING
01:20:00,SP-FUTURE,3144.0,1784,3144.0,1056,NOTHING
01:20:00,SP-FUTURE,3144.0,436,3144.0,2404,NOTHING
01:20:02,SP-FUTURE,3144.0,1556,3144.0,1284,NOTHING
01:20:03,SP-FUTURE,3142.0,792,3143.0,2048,NOTHING
01:20:04,SP-FUTURE,3142.0,2118,3142.0,722,NOTHING
01:20:06,SP-FUTURE,3142.0,496,3142.0,2344,NOTHING
01:20:07,SP-FUTURE,3142.0,1960,3143.0,880,NOTHING
01:20:09,SP-FUTURE,3142.0,1844,3143.0,996,NOTHING
01:20:10,SP-FUTURE,3142.0,1101,3142.0,1739,NOTHING
01:20:11,SP-FUTURE,3142.0,1389,3142.0,1451,NOTHING
01:20:12,SP-FUTURE,3144.0,1193,3145.0,1647,NOTHING
01:20:13,SP-FUTURE,3144.0,2150,3145.0,690,NOTHING
01:20:15,SP-FUTURE,3143.0,2823,3144.0,17,NOTHING
01:20:16,SP-FUTURE,3143.0,2829,3144.0,11,NOTHING
01:20:18,SP-FUTURE,3143.0,2694,3144.0,146,NOTHING
01:20:19,SP-FUTURE,3144.0,82,3144.0,2758,NOTHING
01:20:19,SP-FUTURE,3143.0,1496,3144.0,1344,NOTHING
01:20:21,SP-FUTURE,3144.0,1527,3144.0,1313,NOTHING
01:20:23,SP-FUTURE,3144.0,1423,3144.0,1417,NOTHING
01:20:24,SP-FUTURE,3144.0,921,3144.0,1919,NOTHING
01:20:25,SP-FUTURE,3144.0,2422,3144.0,418,NOTHING
01:20:25,SP-FUTURE,3144.0,2654,3144.0,186,NOTHING
01:20:27,SP-FUTURE,3144.0,1508,3144.0,1332,NOTHING
01:20:28,SP-FUTURE,3145.0,2189,3145.0,651,NOTHING
01:20:29,SP-FUTURE,3145.0,2134,3145.0,706,NOTHING
01:20:30,SP-FUTURE,3145.0,1248,3145.0,1592,NOTHING
01:20:31,SP-FUTURE,3145.0,1235,3145.0,1605,NOTHING
01:20:32,SP-FUTURE,3145.0,2045,3145.0,795,NOTHING
01:20:33,SP-FUTURE,3145.0,2189,3145.0,651,NOTHING
01:20:33,SP-FUTURE,3145.0,2190,3145.0,650,NOTHING
01:20:34,SP-FUTURE,3145.0,2113,3145.0,727,NOTHING
01:20:36,SP-FUTURE,3145.0,2116,3145.0,724,NOTHING
01:20:37,SP-FUTURE,3145.0,1713,3145.0,1127,NOTHING
01:20:38,SP-FUTURE,3145.0,1723,3145.0,1117,NOTHING
01:20:38,SP-FUTURE,3145.0,877,3145.0,1963,NOTHING
01:20:39,SP-FUTURE,3145.0,823,3145.0,2017,NOTHING
01:20:40,SP-FUTURE,3145.0,836,3145.0,2004,NOTHING
01:20:41,SP-FUTURE,3145.0,1101,3145.0,1739,NOTHING
01:20:41,SP-FUTURE,3145.0,2144,3145.0,696,NOTHING
01:20:42,SP-FUTURE,3145.0,911,3145.0,1929,NOTHING
01:20:43,SP-FUTURE,3145.0,1567,3145.0,1273,NOTHING
01:20:45,SP-FUTURE,3147.0,455,3148.0,2385,NOTHING
01:20:45,SP-FUTURE,3147.0,1267,3147.0,1573,NOTHING
01:20:46,SP-FUTURE,3147.0,1273,3147.0,1567,NOTHING
01:20:47,SP-FUTURE,3147.0,1445,3147.0,1395,NOTHING
01:20:48,SP-FUTURE,3147.0,2032,3147.0,808,NOTHING
01:20:49,SP-FUTURE,3147.0,2619,3147.0,221,NOTHING
01:20:51,SP-FUTURE,3147.0,2604,3147.0,236,NOTHING
01:20:52,SP-FUTURE,3147.0,2598,3147.0,242,NOTHING
01:20:53,SP-FUTURE,3147.0,86,3147.0,2754,NOTHING
01:20:53,SP-FUTURE,3145.0,2626,3145.0,214,NOTHING
01:20:55,SP-FUTURE,3145.0,1064,3146.0,1776,NOTHING
01:20:56,SP-FUTURE,3145.0,2055,3146.0,785,NOTHING
01:20:57,SP-FUTURE,3145.0,2033,3146.0,807,NOTHING
01:20:59,SP-FUTURE,3145.0,2058,3146.0,782,NOTHING
01:20:59,SP-FUTURE,3145.0,1261,3146.0,1579,NOTHING
01:21:01,SP-FUTURE,3146.0,1675,3146.0,1165,NOTHING
01:21:02,SP-FUTURE,3147.0,2121,3147.0,719,NOTHING
01:21:04,SP-FUTURE,3147.0,2034,3147.0,806,NOTHING
01:21:05,SP-FUTURE,3147.0,1833,3147.0,1007,NOTHING
01:21:06,SP-FUTURE,3147.0,1691,3147.0,1149,NOTHING
01:21:06,SP-FUTURE,3147.0,1517,3147.0,1323,NOTHING
01:21:07,SP-FUTURE,3147.0,600,3147.0,2240,NOTHING
01:21:07,SP-FUTURE,3147.0,2597,3147.0,243,NOTHING
01:21:07,SP-FUTURE,3147.0,1156,3147.0,1684,NOTHING
01:21:08,SP-FUTURE,3147.0,1086,3147.0,1754,NOTHING
01:21:09,SP-FUTURE,3147.0,1590,3147.0,1250,NOTHING
01:21:10,SP-FUTURE,3146.0,1051,3147.0,1789,NOTHING
01:21:11,SP-FUTURE,3146.0,1527,3147.0,1313,NOTHING
01:21:12,SP-FUTURE,3146.0,889,3146.0,1951,NOTHING
01:21:13,SP-FUTURE,3146.0,2118,3146.0,722,NOTHING
01:21:13,SP-FUTURE,3146.0,2162,3146.0,678,NOTHING
01:21:15,SP-FUTURE,3147.0,806,3147.0,2034,NOTHING
01:21:16,SP-FUTURE,3147.0,751,3147.0,2089,NOTHING
01:21:17,SP-FUTURE,3146.0,919,3147.0,1921,NOTHING
01:21:18,SP-FUTURE,3146.0,816,3147.0,2024,NOTHING
01:21:20,SP-FUTURE,3146.0,2445,3147.0,395,NOTHING
01:21:21,SP-FUTURE,3146.0,2414,3147.0,426,NOTHING
01:21:22,SP-FUTURE,3147.0,856,3147.0,1984,NOTHING
01:21:23,SP-FUTURE,3147.0,31,3147.0,2809,NOTHING
01:21:24,SP-FUTURE,3147.0,1351,3147.0,1489,NOTHING
01:21:24,SP-FUTURE,3147.0,2152,3147.0,688,NOTHING
01:21:26,SP-FUTURE,3147.0,713,3147.0,2127,NOTHING
01:21:27,SP-FUTURE,3147.0,2408,3147.0,432,NOTHING
01:21:28,SP-FUTURE,3147.0,2480,3147.0,360,NOTHING
01:21:29,SP-FUTURE,3147.0,2771,3147.0,69,NOTHING
01:21:29,SP-FUTURE,3147.0,2465,3147.0,375,NOTHING
01:21:30,SP-FUTURE,3147.0,2329,3147.0,511,NOTHING
01:21:30,SP-FUTURE,3147.0,2151,3147.0,689,NOTHING
01:21:33,SP-FUTURE,3147.0,1546,3147.0,1294,NOTHING
01:21:34,SP-FUTURE,3147.0,452,3147.0,2388,NOTHING
01:21:35,SP-FUTURE,3147.0,448,3147.0,2392,NOTHING
01:21:36,SP-FUTURE,3148.0,116,3148.0,2724,NOTHING
01:21:38,SP-FUTURE,3147.0,2596,3148.0,244,NOTHING
01:21:39,SP-FUTURE,3147.0,2653,3148.0,187,NOTHING
01:21:40,SP-FUTURE,3147.0,2653,3148.0,187,NOTHING
01:21:41,SP-FUTURE,3148.0,972,3148.0,1868,NOTHING
01:21:42,SP-FUTURE,3148.0,2001,3148.0,839,NOTHING
01:21:43,SP-FUTURE,3149.0,2063,3149.0,777,NOTHING
01:21:44,SP-FUTURE,3150.0,375,3150.0,2465,NOTHING
01:21:45,SP-FUTURE,3150.0,1744,3150.0,1096,NOTHING
01:21:46,SP-FUTURE,3150.0,1426,3150.0,1414,NOTHING
01:21:46,SP-FUTURE,3150.0,1125,3150.0,1715,NOTHING
01:21:48,SP-FUTURE,3150.0,301,3150.0,2539,NOTHING
01:21:49,SP-FUTURE,3150.0,2815,3150.0,25,NOTHING
01:21:51,SP-FUTURE,3150.0,2832,3150.0,8,NOTHING
01:21:53,SP-FUTURE,3150.0,814,3150.0,2026,NOTHING
01:21:53,SP-FUTURE,3150.0,2173,3150.0,667,NOTHING
01:21:54,SP-FUTURE,3150.0,124,3150.0,2716,NOTHING
01:21:55,SP-FUTURE,3150.0,233,3151.0,2607,NOTHING
01:21:56,SP-FUTURE,3150.0,2354,3151.0,486,NOTHING
01:21:56,SP-FUTURE,3150.0,2345,3151.0,495,NOTHING
01:21:58,SP-FUTURE,3150.0,1551,3150.0,1289,NOTHING
01:21:59,SP-FUTURE,3149.0,204,3150.0,2636,NOTHING
01:22:00,SP-FUTURE,3149.0,95,3150.0,2745,NOTHING
01:22:01,SP-FUTURE,3149.0,30,3150.0,2810,NOTHING
01:22:01,SP-FUTURE,3149.0,882,3150.0,1958,NOTHING
01:22:02,SP-FUTURE,3149.0,1027,3150.0,1813,NOTHING
01:22:03,SP-FUTURE,3151.0,648,3151.0,2192,NOTHING
01:22:04,SP-FUTURE,3151.0,2685,3151.0,155,NOTHING
01:22:04,SP-FUTURE,3151.0,1155,3151.0,1685,NOTHING
01:22:06,SP-FUTURE,3151.0,986,3151.0,1854,NOTHING
01:22:07,SP-FUTURE,3149.0,1384,3150.0,1456,NOTHING
01:22:08,SP-FUTURE,3150.0,483,3150.0,2357,NOTHING
01:22:09,SP-FUTURE,3149.0,2620,3150.0,220,NOTHING
01:22:10,SP-FUTURE,3150.0,1572,3150.0,1268,NOTHING
01:22:12,SP-FUTURE,3150.0,665,3150.0,2175,NOTHING
01:22:13,SP-FUTURE,3150.0,916,3150.0,1924,NOTHING
01:22:14,SP-FUTURE,3150.0,65,3150.0,2775,NOTHING
01:22:15,SP-FUTURE,3149.0,919,3150.0,1921,NOTHING
01:22:15,SP-FUTURE,3149.0,653,3150.0,2187,NOTHING
01:22:17,SP-FUTURE,3149.0,1273,3149.0,1567,NOTHING
01:22:18,SP-FUTURE,3150.0,2313,3151.0,527,NOTHING
01:22:18,SP-FUTURE,3151.0,652,3151.0,2188,NOTHING
01:22:18,SP-FUTURE,3150.0,2066,3151.0,774,NOTHING
01:22:19,SP-FUTURE,3151.0,2622,3151.0,218,NOTHING
01:22:20,SP-FUTURE,3151.0,558,3151.0,2282,NOTHING
01:22:22,SP-FUTURE,3151.0,986,3151.0,1854,NOTHING
01:22:24,SP-FUTURE,3151.0,1051,3151.0,1789,NOTHING
01:22:25,SP-FUTURE,3151.0,1060,3151.0,1780,NOTHING
01:22:26,SP-FUTURE,3151.0,1638,3151.0,1202,NOTHING
01:22:26,SP-FUTURE,3151.0,911,3151.0,1929,NOTHING
01:22:27,SP-FUTURE,3151.0,823,3151.0,2017,NOTHING
01:22:28,SP-FUTURE,3151.0,243,3151.0,2597,NOTHING
01:22:29,SP-FUTURE,3151.0,2250,3151.0,590,NOTHING
01:22:29,SP-FUTURE,3151.0,2698,3151.0,142,NOTHING
01:22:30,SP-FUTURE,3151.0,1619,3151.0,1221,NOTHING
01:22:31,SP-FUTURE,3152.0,902,3152.0,1938,NOTHING
01:22:32,SP-FUTURE,3152.0,1245,3152.0,1595,NOTHING
01:22:33,SP-FUTURE,3152.0,2337,3152.0,503,NOTHING
01:22:34,SP-FUTURE,3152.0,563,3152.0,2277,NOTHING
01:22:35,SP-FUTURE,3151.0,2350,3152.0,490,NOTHING
01:22:36,SP-FUTURE,3152.0,1504,3152.0,1336,NOTHING
01:22:36,SP-FUTURE,3152.0,718,3152.0,2122,NOTHING
01:22:38,SP-FUTURE,3152.0,1186,3152.0,1654,NOTHING
01:22:38,SP-FUTURE,3152.0,1536,3152.0,1304,NOTHING
01:22:39,SP-FUTURE,3150.0,1870,3150.0,970,NOTHING
01:22:41,SP-FUTURE,3149.0,2159,3149.0,681,NOTHING
01:22:41,SP-FUTURE,3149.0,472,3149.0,2368,NOTHING
01:22:43,SP-FUTURE,3149.0,518,3149.0,2322,NOTHING
01:22:44,SP-FUTURE,3149.0,455,3149.0,2385,NOTHING
01:22:45,SP-FUTURE,3149.0,2061,3149.0,779,NOTHING
01:22:46,SP-FUTURE,3149.0,2399,3149.0,441,NOTHING
01:22:47,SP-FUTURE,3149.0,2123,3149.0,717,NOTHING
01:22:49,SP-FUTURE,3149.0,499,3149.0,2341,NOTHING
01:22:50,SP-FUTURE,3149.0,209,3149.0,2631,NOTHING
01:22:51,SP-FUTURE,3149.0,572,3149.0,2268,NOTHING
01:22:52,SP-FUTURE,3149.0,650,3149.0,2190,NOTHING
01:22:52,SP-FUTURE,3149.0,1713,3149.0,1127,NOTHING
01:22:54,SP-FUTURE,3148.0,1603,3149.0,1237,NOTHING
01:22:54,SP-FUTURE,3148.0,700,3149.0,2140,NOTHING
01:22:55,SP-FUTURE,3147.0,2238,3147.0,602,NOTHING
01:22:56,SP-FUTURE,3146.0,2321,3147.0,519,NOTHING
01:22:57,SP-FUTURE,3147.0,203,3147.0,2637,NOTHING
01:22:58,SP-FUTURE,3146.0,680,3146.0,2160,NOTHING
01:22:58,SP-FUTURE,3146.0,387,3146.0,2453,NOTHING
01:22:59,SP-FUTURE,3146.0,26,3146.0,2814,NOTHING
01:22:59,SP-FUTURE,3146.0,911,3146.0,1929,NOTHING
01:23:01,SP-FUTURE,3146.0,1093,3146.0,1747,BUY
01:23:02,SP-FUTURE,3146.0,83,3146.0,2757,BUY
01:23:03,SP-FUTURE,3146.0,1921,3146.0,919,BUY
01:23:05,SP-FUTURE,3146.0,482,3146.0,2358,BUY
01:23:06,SP-FUTURE,3146.0,672,3146.0,2168,BUY
01:23:07,SP-FUTURE,3146.0,1789,3146.0,1051,BUY
01:23:08,SP-FUTURE,3146.0,1699,3146.0,1141,BUY
01:23:10,SP-FUTURE,3146.0,1736,3146.0,1104,BUY
01:23:10,SP-FUTURE,3145.0,2249,3145.0,591,BUY
01:23:13,SP-FUTURE,3145.0,2062,3145.0,778,BUY
01:23:15,SP-FUTURE,3145.0,2729,3145.0,111,BUY
01:23:15,SP-FUTURE,3145.0,1714,3145.0,1126,BUY
01:23:15,SP-FUTURE,3146.0,697,3146.0,2143,BUY
01:23:17,SP-FUTURE,3145.0,743,3146.0,2097,BUY
01:23:18,SP-FUTURE,3145.0,427,3146.0,2413,BUY
01:23:19,SP-FUTURE,3145.0,150,3146.0,2690,BUY
01:23:20,SP-FUTURE,3145.0,277,3146.0,2563,BUY
01:23:21,SP-FUTURE,3145.0,827,3146.0,2013,BUY
01:23:22,SP-FUTURE,3142.0,1826,3142.0,1014,BUY
01:23:24,SP-FUTURE,3142.0,1539,3142.0,1301,BUY
01:23:26,SP-FUTURE,3142.0,84,3142.0,2756,BUY
01:23:27,SP-FUTURE,3142.0,49,3142.0,2791,BUY
01:23:27,SP-FUTURE,3141.0,2324,3142.0,516,BUY
01:23:29,SP-FUTURE,3141.0,2376,3142.0,464,BUY
01:23:30,SP-FUTURE,3141.0,1638,3142.0,1202,BUY
01:23:30,SP-FUTURE,3141.0,1639,3142.0,1201,BUY
01:23:31,SP-FUTURE,3142.0,2388,3142.0,452,BUY
01:23:32,SP-FUTURE,3142.0,1983,3142.0,857,BUY
01:23:33,SP-FUTURE,3142.0,1824,3142.0,1016,BUY
01:23:35,SP-FUTURE,3142.0,1635,3142.0,1205,BUY
01:23:36,SP-FUTURE,3141.0,917,3141.0,1923,BUY
01:23:37,SP-FUTURE,3141.0,956,3141.0,1884,BUY
01:23:39,SP-FUTURE,3141.0,1126,3141.0,1714,BUY
01:23:40,SP-FUTURE,3141.0,275,3141.0,2565,BUY
01:23:42,SP-FUTURE,3141.0,2487,3141.0,353,BUY
01:23:44,SP-FUTURE,3141.0,2352,3141.0,488,BUY
01:23:45,SP-FUTURE,3141.0,347,3141.0,2493,BUY
01:23:46,SP-FUTURE,3141.0,827,3141.0,2013,BUY
01:23:46,SP-FUTURE,3141.0,1983,3141.0,857,BUY
01:23:48,SP-FUTURE,3141.0,2015,3141.0,825,BUY
01:23:48,SP-FUTURE,3141.0,2803,3141.0,37,BUY
01:23:49,SP-FUTURE,3141.0,1195,3141.0,1645,BUY
01:23:51,SP-FUTURE,3141.0,2004,3141.0,836,BUY
01:23:53,SP-FUTURE,3141.0,1970,3141.0,870,BUY
01:23:54,SP-FUTURE,3141.0,769,3141.0,2071,BUY
01:23:55,SP-FUTURE,3140.0,1281,3141.0,1559,BUY
01:23:55,SP-FUTURE,3140.0,2703,3140.0,137,BUY
01:23:57,SP-FUTURE,3140.0,1096,3140.0,1744,BUY
01:23:58,SP-FUTURE,3140.0,2789,3140.0,51,BUY
01:23:58,SP-FUTURE,3140.0,2740,3140.0,100,BUY
01:24:00,SP-FUTURE,3140.0,1205,3140.0,1635,NOTHING
01:24:01,SP-FUTURE,3140.0,1236,3140.0,1604,NOTHING
01:24:03,SP-FUTURE,3140.0,1317,3140.0,1523,NOTHING
01:24:04,SP-FUTURE,3140.0,1323,3140.0,1517,NOTHING
01:24:05,SP-FUTURE,3140.0,655,3140.0,2185,NOTHING
01:24:05,SP-FUTURE,3140.0,924,3140.0,1916,NOTHING
01:24:06,SP-FUTURE,3140.0,517,3140.0,2323,NOTHING
01:24:08,SP-FUTURE,3140.0,725,3140.0,2115,NOTHING
01:24:08,SP-FUTURE,3140.0,678,3140.0,2162,NOTHING
01:24:09,SP-FUTURE,3140.0,1539,3140.0,1301,NOTHING
01:24:10,SP-FUTURE,3143.0,2077,3144.0,763,NOTHING
01:24:11,SP-FUTURE,3143.0,2321,3144.0,519,NOTHING
01:24:13,SP-FUTURE,3143.0,2327,3144.0,513,NOTHING
01:24:14,SP-FUTURE,3144.0,767,3144.0,2073,NOTHING
01:24:14,SP-FUTURE,3144.0,352,3144.0,2488,NOTHING
01:24:15,SP-FUTURE,3144.0,365,3144.0,2475,NOTHING
01:24:15,SP-FUTURE,3144.0,355,3144.0,2485,NOTHING
01:24:16,SP-FUTURE,3144.0,359,3144.0,2481,NOTHING
01:24:18,SP-FUTURE,3141.0,2445,3141.0,395,NOTHING
01:24:19,SP-FUTURE,3141.0,2476,3142.0,364,NOTHING
01:24:19,SP-FUTURE,3141.0,2431,3142.0,409,NOTHING
01:24:19,SP-FUTURE,3142.0,1246,3142.0,1594,NOTHING
01:24:20,SP-FUTURE,3142.0,1968,3142.0,872,NOTHING
01:24:21,SP-FUTURE,3142.0,1862,3142.0,978,NOTHING
01:24:22,SP-FUTURE,3142.0,2075,3142.0,765,NOTHING
01:24:23,SP-FUTURE,3142.0,1923,3142.0,917,NOTHING
01:24:25,SP-FUTURE,3142.0,2315,3142.0,525,NOTHING
01:24:26,SP-FUTURE,3142.0,2764,3142.0,76,NOTHING
01:24:27,SP-FUTURE,3143.0,2186,3143.0,654,NOTHING
01:24:29,SP-FUTURE,3143.0,689,3143.0,2151,NOTHING
01:24:29,SP-FUTURE,3143.0,448,3143.0,2392,NOTHING
01:24:31,SP-FUTURE,3143.0,931,3143.0,1909,NOTHING
01:24:31,SP-FUTURE,3143.0,1033,3143.0,1807,NOTHING
01:24:32,SP-FUTURE,3143.0,709,3143.0,2131,NOTHING
01:24:33,SP-FUTURE,3143.0,1029,3143.0,1811,NOTHING
01:24:34,SP-FUTURE,3143.0,167,3143.0,2673,NOTHING
01:24:35,SP-FUTURE,3144.0,166,3144.0,2674,NOTHING
01:24:36,SP-FUTURE,3144.0,486,3144.0,2354,NOTHING
01:24:37,SP-FUTURE,3143.0,2838,3144.0,2,NOTHING
01:24:38,SP-FUTURE,3144.0,603,3144.0,2237,NOTHING
01:24:39,SP-FUTURE,3143.0,2026,3143.0,814,NOTHING
01:24:39,SP-FUTURE,3147.0,1807,3147.0,1033,NOTHING
01:24:41,SP-FUTURE,3147.0,1086,3147.0,1754,NOTHING
01:24:42,SP-FUTURE,3147.0,688,3147.0,2152,NOTHING
01:24:43,SP-FUTURE,3147.0,1091,3147.0,1749,NOTHING
01:24:43,SP-FUTURE,3147.0,1750,3147.0,1090,NOTHING
01:24:45,SP-FUTURE,3147.0,931,3147.0,1909,NOTHING
01:24:46,SP-FUTURE,3147.0,371,3148.0,2469,NOTHING
01:24:47,SP-FUTURE,3147.0,1421,3148.0,1419,NOTHING
01:24:48,SP-FUTURE,3147.0,1719,3148.0,1121,NOTHING
01:24:50,SP-FUTURE,3149.0,110,3149.0,2730,NOTHING
01:24:51,SP-FUTURE,3150.0,905,3150.0,1935,NOTHING
01:24:52,SP-FUTURE,3150.0,374,3150.0,2466,NOTHING
01:24:52,SP-FUTURE,3150.0,2369,3150.0,471,NOTHING
01:24:54,SP-FUTURE,3150.0,1962,3150.0,878,NOTHING
01:24:55,SP-FUTURE,3150.0,1981,3151.0,859,NOTHING
01:24:56,SP-FUTURE,3150.0,2037,3151.0,803,NOTHING
01:24:57,SP-FUTURE,3150.0,2177,3151.0,663,NOTHING
01:24:58,SP-FUTURE,3149.0,767,3150.0,2073,NOTHING
01:25:00,SP-FUTURE,3149.0,933,3150.0,1907,NOTHING
01:25:01,SP-FUTURE,3149.0,379,3149.0,2461,NOTHING
01:25:02,SP-FUTURE,3149.0,381,3149.0,2459,NOTHING
01:25:03,SP-FUTURE,3149.0,1652,3149.0,1188,NOTHING
01:25:05,SP-FUTURE,3149.0,1657,3149.0,1183,NOTHING
01:25:06,SP-FUTURE,3149.0,713,3149.0,2127,NOTHING
01:25:08,SP-FUTURE,3149.0,2319,3149.0,521,NOTHING
01:25:08,SP-FUTURE,3149.0,320,3149.0,2520,NOTHING
01:25:10,SP-FUTURE,3149.0,163,3149.0,2677,NOTHING
01:25:11,SP-FUTURE,3149.0,2269,3149.0,571,NOTHING
01:25:12,SP-FUTURE,3149.0,2166,3149.0,674,NOTHING
01:25:14,SP-FUTURE,3149.0,2522,3149.0,318,NOTHING
01:25:15,SP-FUTURE,3148.0,232,3149.0,2608,NOTHING
01:25:15,SP-FUTURE,3148.0,2358,3148.0,482,NOTHING
01:25:16,SP-FUTURE,3147.0,236,3148.0,2604,NOTHING
01:25:16,SP-FUTURE,3147.0,1927,3148.0,913,NOTHING
01:25:18,SP-FUTURE,3147.0,1664,3148.0,1176,NOTHING
01:25:20,SP-FUTURE,3148.0,1259,3148.0,1581,NOTHING
01:25:20,SP-FUTURE,3148.0,1541,3148.0,1299,NOTHING
01:25:22,SP-FUTURE,3148.0,1141,3148.0,1699,NOTHING
01:25:23,SP-FUTURE,3147.0,331,3147.0,2509,NOTHING
01:25:23,SP-FUTURE,3147.0,2582,3147.0,258,NOTHING
01:25:25,SP-FUTURE,3148.0,988,3148.0,1852,NOTHING
01:25:26,SP-FUTURE,3148.0,439,3148.0,2401,NOTHING
01:25:27,SP-FUTURE,3148.0,1510,3148.0,1330,NOTHING
01:25:28,SP-FUTURE,3148.0,1493,3148.0,1347,NOTHING
01:25:29,SP-FUTURE,3147.0,2542,3147.0,298,NOTHING
01:25:30,SP-FUTURE,3147.0,1221,3147.0,1619,NOTHING
01:25:31,SP-FUTURE,3147.0,2080,3147.0,760,NOTHING
01:25:32,SP-FUTURE,3147.0,2665,3147.0,175,NOTHING
01:25:34,SP-FUTURE,3147.0,22,3147.0,2818,NOTHING
01:25:35,SP-FUTURE,3147.0,190,3147.0,2650,NOTHING
01:25:36,SP-FUTURE,3147.0,223,3147.0,2617,NOTHING
01:25:37,SP-FUTURE,3148.0,737,3148.0,2103,NOTHING
01:25:38,SP-FUTURE,3148.0,2699,3148.0,141,NOTHING
01:25:39,SP-FUTURE,3148.0,1050,3148.0,1790,NOTHING
01:25:40,SP-FUTURE,3148.0,1200,3148.0,1640,NOTHING
01:25:40,SP-FUTURE,3148.0,2240,3148.0,600,NOTHING
01:25:42,SP-FUTURE,3148.0,1597,3148.0,1243,NOTHING
01:25:43,SP-FUTURE,3147.0,1466,3148.0,1374,NOTHING
01:25:44,SP-FUTURE,3147.0,1784,3148.0,1056,NOTHING
01:25:44,SP-FUTURE,3147.0,1227,3148.0,1613,NOTHING
01:25:45,SP-FUTURE,3147.0,2640,3147.0,200,NOTHING
01:25:46,SP-FUTURE,3147.0,1434,3147.0,1406,NOTHING
01:25:46,SP-FUTURE,3147.0,1665,3147.0,1175,NOTHING
01:25:47,SP-FUTURE,3147.0,1706,3147.0,1134,NOTHING
01:25:48,SP-FUTURE,3147.0,410,3147.0,2430,NOTHING
01:25:49,SP-FUTURE,3147.0,1987,3147.0,853,NOTHING
01:25:51,SP-FUTURE,3146.0,2094,3147.0,746,NOTHING
01:25:52,SP-FUTURE,3146.0,1051,3147.0,1789,NOTHING
01:25:54,SP-FUTURE,3146.0,263,3147.0,2577,NOTHING
01:25:55,SP-FUTURE,3146.0,2816,3146.0,24,NOTHING
01:25:55,SP-FUTURE,3146.0,278,3147.0,2562,NOTHING
01:25:56,SP-FUTURE,3146.0,2698,3146.0,142,NOTHING
01:25:57,SP-FUTURE,3146.0,551,3146.0,2289,NOTHING
01:25:59,SP-FUTURE,3146.0,244,3146.0,2596,NOTHING
01:26:00,SP-FUTURE,3146.0,1007,3146.0,1833,NOTHING
01:26:02,SP-FUTURE,3146.0,620,3147.0,2220,NOTHING
01:26:02,SP-FUTURE,3145.0,496,3145.0,2344,NOTHING
01:26:03,SP-FUTURE,3145.0,1073,3145.0,1767,NOTHING
01:26:04,SP-FUTURE,3145.0,680,3145.0,2160,NOTHING
01:26:05,SP-FUTURE,3145.0,935,3145.0,1905,NOTHING
01:26:07,SP-FUTURE,3145.0,134,3145.0,2706,NOTHING
01:26:08,SP-FUTURE,3145.0,189,3145.0,2651,NOTHING
01:26:09,SP-FUTURE,3144.0,180,3145.0,2660,NOTHING
01:26:10,SP-FUTURE,3144.0,773,3144.0,2067,NOTHING
01:26:11,SP-FUTURE,3144.0,437,3144.0,2403,NOTHING
01:26:12,SP-FUTURE,3144.0,1219,3144.0,1621,NOTHING
01:26:12,SP-FUTURE,3144.0,2245,3144.0,595,NOTHING
01:26:13,SP-FUTURE,3144.0,2413,3144.0,427,NOTHING
01:26:14,SP-FUTURE,3144.0,1556,3144.0,1284,NOTHING
01:26:14,SP-FUTURE,3144.0,2519,3144.0,321,NOTHING
01:26:16,SP-FUTURE,3144.0,1678,3144.0,1162,NOTHING
01:26:16,SP-FUTURE,3144.0,1469,3144.0,1371,NOTHING
01:26:18,SP-FUTURE,3144.0,1419,3145.0,1421,NOTHING
01:26:19,SP-FUTURE,3144.0,1409,3145.0,1431,NOTHING
01:26:22,SP-FUTURE,3144.0,2784,3145.0,56,NOTHING
01:26:22,SP-FUTURE,3144.0,1749,3145.0,1091,NOTHING
01:26:23,SP-FUTURE,3143.0,1602,3144.0,1238,NOTHING
01:26:24,SP-FUTURE,3144.0,1358,3144.0,1482,NOTHING
01:26:25,SP-FUTURE,3144.0,1547,3144.0,1293,NOTHING
01:26:26,SP-FUTURE,3144.0,1660,3144.0,1180,NOTHING
01:26:27,SP-FUTURE,3144.0,724,3144.0,2116,NOTHING
01:26:28,SP-FUTURE,3144.0,685,3144.0,2155,NOTHING
01:26:29,SP-FUTURE,3144.0,230,3144.0,2610,NOTHING
01:26:30,SP-FUTURE,3143.0,2610,3144.0,230,NOTHING
01:26:31,SP-FUTURE,3144.0,323,3144.0,2517,NOTHING
01:26:31,SP-FUTURE,3144.0,1761,3145.0,1079,NOTHING
01:26:32,SP-FUTURE,3144.0,1802,3145.0,1038,NOTHING
01:26:33,SP-FUTURE,3144.0,1471,3144.0,1369,NOTHING
01:26:34,SP-FUTURE,3143.0,1016,3144.0,1824,NOTHING
01:26:35,SP-FUTURE,3143.0,442,3144.0,2398,NOTHING
01:26:36,SP-FUTURE,3143.0,342,3144.0,2498,NOTHING
01:26:37,SP-FUTURE,3146.0,1192,3146.0,1648,NOTHING
01:26:37,SP-FUTURE,3145.0,2568,3146.0,272,NOTHING
01:26:39,SP-FUTURE,3145.0,2440,3146.0,400,NOTHING
01:26:39,SP-FUTURE,3145.0,415,3145.0,2425,NOTHING
01:26:41,SP-FUTURE,3145.0,2786,3145.0,54,NOTHING
01:26:42,SP-FUTURE,3145.0,2769,3145.0,71,NOTHING
01:26:43,SP-FUTURE,3145.0,2522,3145.0,318,NOTHING
01:26:44,SP-FUTURE,3146.0,2555,3146.0,285,NOTHING
01:26:45,SP-FUTURE,3146.0,879,3146.0,1961,NOTHING
01:26:45,SP-FUTURE,3149.0,620,3149.0,2220,NOTHING
01:26:46,SP-FUTURE,3149.0,627,3149.0,2213,NOTHING
01:26:47,SP-FUTURE,3149.0,476,3149.0,2364,NOTHING
01:26:49,SP-FUTURE,3149.0,14,3149.0,2826,NOTHING
01:26:49,SP-FUTURE,3149.0,1058,3149.0,1782,NOTHING
01:26:50,SP-FUTURE,3149.0,2625,3149.0,215,NOTHING
01:26:52,SP-FUTURE,3146.0,2819,3146.0,21,NOTHING
01:26:53,SP-FUTURE,3146.0,2734,3146.0,106,NOTHING
01:26:54,SP-FUTURE,3146.0,1848,3147.0,992,NOTHING
01:26:55,SP-FUTURE,3146.0,1561,3147.0,1279,NOTHING
01:26:56,SP-FUTURE,3146.0,2518,3146.0,322,NOTHING
01:26:57,SP-FUTURE,3146.0,1568,3147.0,1272,NOTHING
01:26:58,SP-FUTURE,3147.0,60,3147.0,2780,NOTHING
01:26:59,SP-FUTURE,3147.0,2726,3147.0,114,NOTHING
01:27:00,SP-FUTURE,3147.0,185,3147.0,2655,NOTHING
01:27:01,SP-FUTURE,3146.0,995,3146.0,1845,NOTHING
01:27:02,SP-FUTURE,3146.0,881,3146.0,1959,NOTHING
01:27:03,SP-FUTURE,3146.0,370,3146.0,2470,NOTHING
01:27:04,SP-FUTURE,3146.0,1469,3146.0,1371,NOTHING
01:27:05,SP-FUTURE,3146.0,224,3146.0,2616,NOTHING
01:27:06,SP-FUTURE,3146.0,466,3146.0,2374,NOTHING
01:27:07,SP-FUTURE,3146.0,315,3146.0,2525,NOTHING
01:27:07,SP-FUTURE,3145.0,1625,3145.0,1215,NOTHING
01:27:08,SP-FUTURE,3145.0,1629,3145.0,1211,NOTHING
01:27:10,SP-FUTURE,3145.0,1079,3145.0,1761,NOTHING
01:27:10,SP-FUTURE,3145.0,1003,3145.0,1837,NOTHING
01:27:11,SP-FUTURE,3145.0,943,3145.0,1897,NOTHING
01:27:12,SP-FUTURE,3145.0,1022,3145.0,1818,NOTHING
01:27:13,SP-FUTURE,3145.0,857,3145.0,1983,NOTHING
01:27:14,SP-FUTURE,3145.0,969,3145.0,1871,NOTHING
01:27:15,SP-FUTURE,3145.0,1447,3145.0,1393,NOTHING
01:27:15,SP-FUTURE,3145.0,1390,3145.0,1450,NOTHING
01:27:15,SP-FUTURE,3145.0,1515,3145.0,1325,NOTHING
01:27:16,SP-FUTURE,3147.0,194,3147.0,2646,NOTHING
01:27:17,SP-FUTURE,3147.0,1183,3147.0,1657,NOTHING
01:27:18,SP-FUTURE,3147.0,2441,3147.0,399,NOTHING
01:27:20,SP-FUTURE,3146.0,1494,3147.0,1346,NOTHING
01:27:22,SP-FUTURE,3147.0,2226,3147.0,614,NOTHING
01:27:23,SP-FUTURE,3146.0,2323,3146.0,517,NOTHING
01:27:24,SP-FUTURE,3147.0,109,3147.0,2731,NOTHING
01:27:26,SP-FUTURE,3146.0,2622,3147.0,218,NOTHING
01:27:27,SP-FUTURE,3147.0,1931,3147.0,909,NOTHING
01:27:27,SP-FUTURE,3147.0,2654,3147.0,186,NOTHING
01:27:29,SP-FUTURE,3146.0,160,3147.0,2680,NOTHING
01:27:30,SP-FUTURE,3146.0,17,3147.0,2823,NOTHING
01:27:30,SP-FUTURE,3146.0,69,3147.0,2771,NOTHING
01:27:31,SP-FUTURE,3146.0,1054,3147.0,1786,NOTHING
01:27:32,SP-FUTURE,3146.0,2796,3147.0,44,NOTHING
01:27:33,SP-FUTURE,3147.0,33,3147.0,2807,NOTHING
01:27:34,SP-FUTURE,3147.0,2627,3147.0,213,NOTHING
01:27:34,SP-FUTURE,3147.0,2050,3147.0,790,NOTHING
01:27:35,SP-FUTURE,3147.0,1045,3147.0,1795,NOTHING
01:27:36,SP-FUTURE,3147.0,2293,3148.0,547,NOTHING
01:27:37,SP-FUTURE,3148.0,621,3148.0,2219,NOTHING
01:27:39,SP-FUTURE,3147.0,2838,3148.0,2,NOTHING
01:27:41,SP-FUTURE,3147.0,2492,3148.0,348,NOTHING
01:27:43,SP-FUTURE,3147.0,2615,3148.0,225,NOTHING
01:27:44,SP-FUTURE,3147.0,1846,3148.0,994,NOTHING
01:27:45,SP-FUTURE,3149.0,2039,3149.0,801,NOTHING
01:27:45,SP-FUTURE,3149.0,50,3149.0,2790,NOTHING
01:27:46,SP-FUTURE,3149.0,413,3149.0,2427,NOTHING
01:27:47,SP-FUTURE,3150.0,99,3150.0,2741,NOTHING
01:27:48,SP-FUTURE,3150.0,1360,3150.0,1480,NOTHING
01:27:49,SP-FUTURE,3150.0,99,3150.0,2741,NOTHING
01:27:51,SP-FUTURE,3150.0,916,3150.0,1924,NOTHING
01:27:52,SP-FUTURE,3150.0,1699,3150.0,1141,NOTHING
01:27:53,SP-FUTURE,3149.0,1950,3150.0,890,NOTHING
01:27:55,SP-FUTURE,3149.0,1884,3149.0,956,NOTHING
01:27:56,SP-FUTURE,3149.0,1945,3149.0,895,NOTHING
01:27:57,SP-FUTURE,3149.0,1967,3149.0,873,NOTHING
01:27:58,SP-FUTURE,3149.0,1969,3149.0,871,NOTHING
01:27:59,SP-FUTURE,3149.0,958,3149.0,1882,NOTHING
01:27:59,SP-FUTURE,3149.0,90,3149.0,2750,NOTHING
01:28:01,SP-FUTURE,3149.0,1490,3149.0,1350,SELL
01:28:01,SP-FUTURE,3149.0,1143,3149.0,1697,SELL
01:28:02,SP-FUTURE,3152.0,315,3152.0,2525,SELL
01:28:03,SP-FUTURE,3154.0,2327,3154.0,513,SELL
01:28:04,SP-FUTURE,3154.0,2786,3154.0,54,SELL
01:28:05,SP-FUTURE,3154.0,613,3155.0,2227,SELL
01:28:07,SP-FUTURE,3154.0,1812,3155.0,1028,SELL
01:28:09,SP-FUTURE,3154.0,1745,3155.0,1095,SELL
01:28:09,SP-FUTURE,3155.0,450,3155.0,2390,SELL
01:28:10,SP-FUTURE,3154.0,2583,3155.0,257,SELL
01:28:12,SP-FUTURE,3155.0,190,3155.0,2650,SELL
01:28:13,SP-FUTURE,3155.0,1410,3155.0,1430,SELL
01:28:15,SP-FUTURE,3155.0,1231,3155.0,1609,SELL
01:28:16,SP-FUTURE,3155.0,1313,3155.0,1527,SELL
01:28:17,SP-FUTURE,3155.0,331,3155.0,2509,SELL
01:28:18,SP-FUTURE,3155.0,693,3155.0,2147,SELL
01:28:19,SP-FUTURE,3155.0,567,3155.0,2273,SELL
01:28:21,SP-FUTURE,3155.0,1031,3155.0,1809,SELL
01:28:22,SP-FUTURE,3155.0,1343,3155.0,1497,SELL
01:28:23,SP-FUTURE,3155.0,2817,3155.0,23,SELL
01:28:25,SP-FUTURE,3156.0,1775,3156.0,1065,SELL
01:28:26,SP-FUTURE,3156.0,919,3156.0,1921,SELL
01:28:27,SP-FUTURE,3156.0,914,3156.0,1926,SELL
01:28:28,SP-FUTURE,3156.0,914,3156.0,1926,SELL
01:28:29,SP-FUTURE,3156.0,1012,3156.0,1828,SELL
01:28:29,SP-FUTURE,3156.0,456,3156.0,2384,SELL
01:28:30,SP-FUTURE,3156.0,2496,3156.0,344,SELL
01:28:31,SP-FUTURE,3156.0,2555,3156.0,285,SELL
01:28:33,SP-FUTURE,3156.0,2638,3156.0,202,SELL
01:28:34,SP-FUTURE,3156.0,1132,3157.0,1708,SELL
01:28:35,SP-FUTURE,3156.0,1052,3157.0,1788,SELL
01:28:36,SP-FUTURE,3153.0,1250,3154.0,1590,SELL
01:28:37,SP-FUTURE,3154.0,749,3154.0,2091,SELL
01:28:38,SP-FUTURE,3154.0,898,3154.0,1942,SELL
01:28:40,SP-FUTURE,3156.0,2045,3156.0,795,SELL
01:28:41,SP-FUTURE,3156.0,2246,3156.0,594,SELL
01:28:43,SP-FUTURE,3155.0,1506,3155.0,1334,SELL
01:28:44,SP-FUTURE,3155.0,1570,3155.0,1270,SELL
01:28:45,SP-FUTURE,3155.0,2233,3155.0,607,SELL
01:28:46,SP-FUTURE,3155.0,1519,3155.0,1321,SELL
01:28:47,SP-FUTURE,3155.0,2492,3155.0,348,SELL
01:28:48,SP-FUTURE,3154.0,1563,3154.0,1277,SELL
01:28:48,SP-FUTURE,3154.0,1010,3154.0,1830,SELL
01:28:49,SP-FUTURE,3154.0,1862,3154.0,978,SELL
01:28:51,SP-FUTURE,3154.0,15,3155.0,2825,SELL
01:28:52,SP-FUTURE,3154.0,91,3154.0,2749,SELL
01:28:53,SP-FUTURE,3154.0,1993,3154.0,847,SELL
01:28:54,SP-FUTURE,3154.0,2252,3154.0,588,SELL
01:28:55,SP-FUTURE,3151.0,317,3151.0,2523,SELL
01:28:56,SP-FUTURE,3150.0,926,3150.0,1914,SELL
01:28:58,SP-FUTURE,3150.0,753,3150.0,2087,SELL
01:28:59,SP-FUTURE,3148.0,2309,3148.0,531,SELL
01:29:00,SP-FUTURE,3148.0,2800,3148.0,40,NOTHING
01:29:00,SP-FUTURE,3148.0,84,3148.0,2756,NOTHING
01:29:02,SP-FUTURE,3147.0,2574,3147.0,266,NOTHING
01:29:03,SP-FUTURE,3147.0,2536,3147.0,304,NOTHING
01:29:03,SP-FUTURE,3146.0,1955,3146.0,885,NOTHING
01:29:05,SP-FUTURE,3148.0,1126,3148.0,1714,NOTHING
01:29:06,SP-FUTURE,3149.0,2158,3149.0,682,NOTHING
01:29:07,SP-FUTURE,3148.0,1557,3149.0,1283,NOTHING
01:29:07,SP-FUTURE,3149.0,531,3149.0,2309,NOTHING
01:29:08,SP-FUTURE,3148.0,1177,3149.0,1663,NOTHING
01:29:09,SP-FUTURE,3148.0,798,3149.0,2042,NOTHING
01:29:10,SP-FUTURE,3148.0,815,3149.0,2025,NOTHING
01:29:11,SP-FUTURE,3148.0,1524,3149.0,1316,NOTHING
01:29:12,SP-FUTURE,3148.0,192,3149.0,2648,NOTHING
01:29:14,SP-FUTURE,3145.0,771,3145.0,2069,NOTHING
01:29:15,SP-FUTURE,3141.0,1350,3142.0,1490,NOTHING
01:29:15,SP-FUTURE,3141.0,346,3141.0,2494,NOTHING
01:29:17,SP-FUTURE,3141.0,348,3141.0,2492,NOTHING
01:29:18,SP-FUTURE,3144.0,2101,3144.0,739,NOTHING
01:29:26,SP-FUTURE,3144.0,1925,3144.0,915,NOTHING
01:29:26,SP-FUTURE,3143.0,997,3143.0,1843,NOTHING
01:29:26,SP-FUTURE,3143.0,728,3144.0,2112,NOTHING
01:29:26,SP-FUTURE,3143.0,733,3144.0,2107,NOTHING
01:29:26,SP-FUTURE,3143.0,591,3144.0,2249,NOTHING
01:29:27,SP-FUTURE,3143.0,329,3144.0,2511,NOTHING
01:29:28,SP-FUTURE,3143.0,467,3143.0,2373,NOTHING
01:29:29,SP-FUTURE,3143.0,2222,3143.0,618,NOTHING
01:29:29,SP-FUTURE,3143.0,2715,3143.0,125,NOTHING
01:29:33,SP-FUTURE,3143.0,2733,3143.0,107,NOTHING
01:29:33,SP-FUTURE,3143.0,2839,3143.0,2,NOTHING
01:29:33,SP-FUTURE,3143.0,83,3143.0,2758,NOTHING
01:29:34,SP-FUTURE,3143.0,96,3143.0,2745,NOTHING
01:29:34,SP-FUTURE,3143.0,97,3143.0,2744,NOTHING
01:29:35,SP-FUTURE,3143.0,2682,3143.0,159,NOTHING
01:29:35,SP-FUTURE,3143.0,2250,3143.0,591,NOTHING
01:29:36,SP-FUTURE,3143.0,2347,3143.0,494,NOTHING
01:29:38,SP-FUTURE,3142.0,1474,3142.0,1367,NOTHING
01:29:39,SP-FUTURE,3142.0,1402,3142.0,1439,NOTHING
01:29:40,SP-FUTURE,3141.0,343,3142.0,2498,NOTHING
01:29:40,SP-FUTURE,3141.0,1900,3141.0,941,NOTHING
01:29:41,SP-FUTURE,3141.0,2164,3141.0,677,NOTHING
01:29:41,SP-FUTURE,3141.0,2783,3141.0,58,NOTHING
01:29:42,SP-FUTURE,3141.0,708,3141.0,2133,NOTHING
01:29:42,SP-FUTURE,3143.0,2196,3144.0,645,NOTHING
01:29:44,SP-FUTURE,3143.0,2810,3143.0,31,NOTHING
01:29:46,SP-FUTURE,3143.0,2129,3143.0,712,NOTHING
01:29:46,SP-FUTURE,3143.0,1207,3143.0,1634,NOTHING
01:29:47,SP-FUTURE,3143.0,1189,3143.0,1652,NOTHING
01:29:48,SP-FUTURE,3143.0,2790,3143.0,51,NOTHING
01:29:50,SP-FUTURE,3143.0,935,3143.0,1906,NOTHING
01:29:51,SP-FUTURE,3143.0,2628,3143.0,213,NOTHING
01:29:52,SP-FUTURE,3143.0,1416,3144.0,1425,NOTHING
01:29:52,SP-FUTURE,3143.0,1301,3144.0,1540,NOTHING
01:29:54,SP-FUTURE,3143.0,1800,3144.0,1041,NOTHING
01:29:54,SP-FUTURE,3143.0,841,3144.0,2000,NOTHING
01:29:55,SP-FUTURE,3143.0,767,3144.0,2074,NOTHING
01:29:56,SP-FUTURE,3143.0,812,3144.0,2029,NOTHING
01:29:57,SP-FUTURE,3143.0,747,3143.0,2094,NOTHING
01:29:58,SP-FUTURE,3143.0,662,3143.0,2179,NOTHING
01:29:59,SP-FUTURE,3143.0,312,3144.0,2529,NOTHING
01:30:00,SP-FUTURE,3143.0,1863,3143.0,978,NOTHING
01:30:01,SP-FUTURE,3143.0,2059,3143.0,782,NOTHING
01:30:01,SP-FUTURE,3143.0,1857,3143.0,984,NOTHING
01:30:03,SP-FUTURE,3143.0,274,3143.0,2567,NOTHING
01:30:04,SP-FUTURE,3143.0,310,3143.0,2531,NOTHING
01:30:05,SP-FUTURE,3143.0,2107,3143.0,734,NOTHING
01:30:06,SP-FUTURE,3143.0,1726,3143.0,1115,NOTHING
01:30:06,SP-FUTURE,3143.0,2741,3143.0,100,NOTHING
01:30:07,SP-FUTURE,3143.0,2757,3143.0,84,NOTHING
01:30:08,SP-FUTURE,3143.0,231,3143.0,2610,NOTHING
01:30:09,SP-FUTURE,3143.0,261,3144.0,2580,NOTHING
01:30:09,SP-FUTURE,3143.0,313,3144.0,2528,NOTHING
01:30:10,SP-FUTURE,3143.0,376,3144.0,2465,NOTHING
01:30:11,SP-FUTURE,3143.0,1381,3144.0,1460,NOTHING
01:30:12,SP-FUTURE,3143.0,1714,3144.0,1127,NOTHING
01:30:13,SP-FUTURE,3143.0,1692,3144.0,1149,NOTHING
01:30:13,SP-FUTURE,3143.0,1907,3143.0,934,NOTHING
01:30:14,SP-FUTURE,3143.0,2356,3143.0,485,NOTHING
01:30:15,SP-FUTURE,3143.0,1811,3143.0,1030,NOTHING
01:30:15,SP-FUTURE,3143.0,1735,3143.0,1106,NOTHING
01:30:17,SP-FUTURE,3143.0,1215,3143.0,1626,NOTHING
01:30:17,SP-FUTURE,3143.0,1218,3143.0,1623,NOTHING
01:30:19,SP-FUTURE,3143.0,1216,3143.0,1625,NOTHING
01:30:20,SP-FUTURE,3145.0,1869,3145.0,972,NOTHING
01:30:21,SP-FUTURE,3145.0,256,3145.0,2585,NOTHING
01:30:21,SP-FUTURE,3145.0,68,3145.0,2773,NOTHING
01:30:22,SP-FUTURE,3145.0,2221,3145.0,620,NOTHING
01:30:23,SP-FUTURE,3145.0,49,3146.0,2792,NOTHING
01:30:25,SP-FUTURE,3145.0,1944,3146.0,897,NOTHING
01:30:26,SP-FUTURE,3145.0,269,3146.0,2572,NOTHING
01:30:26,SP-FUTURE,3145.0,259,3146.0,2582,NOTHING
01:30:27,SP-FUTURE,3145.0,2579,3145.0,262,NOTHING
01:30:28,SP-FUTURE,3145.0,1965,3145.0,876,NOTHING
01:30:30,SP-FUTURE,3145.0,1671,3145.0,1170,NOTHING
01:30:30,SP-FUTURE,3145.0,2164,3145.0,677,NOTHING
01:30:32,SP-FUTURE,3145.0,1897,3145.0,944,NOTHING
01:30:33,SP-FUTURE,3144.0,2559,3144.0,282,NOTHING
01:30:35,SP-FUTURE,3144.0,2073,3144.0,768,NOTHING
01:30:35,SP-FUTURE,3144.0,732,3144.0,2109,NOTHING
01:30:36,SP-FUTURE,3143.0,1300,3144.0,1541,NOTHING
01:30:37,SP-FUTURE,3143.0,1780,3143.0,1061,NOTHING
01:30:39,SP-FUTURE,3143.0,1884,3143.0,957,NOTHING
01:30:40,SP-FUTURE,3143.0,2092,3144.0,749,NOTHING
01:30:41,SP-FUTURE,3143.0,928,3144.0,1913,NOTHING
01:30:43,SP-FUTURE,3143.0,1862,3144.0,979,NOTHING
01:30:44,SP-FUTURE,3143.0,897,3143.0,1944,NOTHING
01:30:45,SP-FUTURE,3143.0,1633,3143.0,1208,NOTHING
01:30:46,SP-FUTURE,3143.0,1836,3143.0,1005,NOTHING
01:30:48,SP-FUTURE,3143.0,1458,3143.0,1383,NOTHING
01:30:49,SP-FUTURE,3143.0,1336,3143.0,1505,NOTHING
01:30:50,SP-FUTURE,3143.0,355,3143.0,2486,NOTHING
01:30:50,SP-FUTURE,3143.0,1701,3143.0,1140,NOTHING
01:30:52,SP-FUTURE,3143.0,1640,3143.0,1201,NOTHING
01:30:53,SP-FUTURE,3143.0,1571,3143.0,1270,NOTHING
01:30:53,SP-FUTURE,3143.0,275,3144.0,2566,NOTHING
01:30:54,SP-FUTURE,3143.0,2376,3143.0,465,NOTHING
01:30:55,SP-FUTURE,3143.0,861,3144.0,1980,NOTHING
01:30:57,SP-FUTURE,3143.0,1067,3144.0,1774,NOTHING
01:30:57,SP-FUTURE,3143.0,1870,3144.0,971,NOTHING
01:30:59,SP-FUTURE,3143.0,1657,3144.0,1184,NOTHING
01:31:00,SP-FUTURE,3143.0,1577,3144.0,1264,NOTHING
01:31:01,SP-FUTURE,3143.0,989,3143.0,1852,NOTHING
01:31:02,SP-FUTURE,3143.0,1031,3143.0,1810,NOTHING
01:31:04,SP-FUTURE,3139.0,2403,3140.0,438,NOTHING
01:31:06,SP-FUTURE,3140.0,1374,3140.0,1467,NOTHING
01:31:07,SP-FUTURE,3140.0,263,3140.0,2578,NOTHING
01:31:08,SP-FUTURE,3140.0,1264,3141.0,1577,NOTHING
01:31:09,SP-FUTURE,3142.0,436,3142.0,2405,NOTHING
01:31:10,SP-FUTURE,3141.0,2683,3142.0,158,NOTHING
01:31:11,SP-FUTURE,3141.0,2174,3141.0,667,NOTHING
01:31:12,SP-FUTURE,3141.0,2746,3141.0,95,NOTHING
01:31:13,SP-FUTURE,3141.0,2778,3142.0,63,NOTHING
01:31:14,SP-FUTURE,3142.0,555,3142.0,2286,NOTHING
01:31:14,SP-FUTURE,3142.0,1196,3142.0,1645,NOTHING
01:31:15,SP-FUTURE,3142.0,1214,3142.0,1627,NOTHING
01:31:16,SP-FUTURE,3142.0,461,3142.0,2380,NOTHING
01:31:16,SP-FUTURE,3142.0,451,3142.0,2390,NOTHING
01:31:18,SP-FUTURE,3142.0,1984,3142.0,857,NOTHING
01:31:20,SP-FUTURE,3142.0,1988,3142.0,853,NOTHING
01:31:21,SP-FUTURE,3142.0,39,3143.0,2802,NOTHING
01:31:22,SP-FUTURE,3142.0,2713,3142.0,128,NOTHING
01:31:23,SP-FUTURE,3142.0,1768,3142.0,1073,NOTHING
01:31:24,SP-FUTURE,3138.0,1965,3139.0,876,NOTHING
01:31:24,SP-FUTURE,3138.0,1957,3139.0,884,NOTHING
01:31:25,SP-FUTURE,3139.0,1300,3139.0,1541,NOTHING
01:31:26,SP-FUTURE,3139.0,694,3140.0,2147,NOTHING
01:31:27,SP-FUTURE,3140.0,1728,3140.0,1113,NOTHING
01:31:29,SP-FUTURE,3140.0,1730,3140.0,1111,NOTHING
01:31:29,SP-FUTURE,3140.0,2532,3140.0,309,NOTHING
01:31:30,SP-FUTURE,3140.0,2509,3140.0,332,NOTHING
01:31:31,SP-FUTURE,3140.0,2029,3140.0,812,NOTHING
01:31:32,SP-FUTURE,3141.0,2269,3142.0,572,NOTHING
01:31:34,SP-FUTURE,3142.0,241,3142.0,2600,NOTHING
01:31:35,SP-FUTURE,3142.0,805,3142.0,2036,NOTHING
01:31:35,SP-FUTURE,3141.0,2758,3142.0,83,NOTHING
01:31:36,SP-FUTURE,3142.0,384,3142.0,2457,NOTHING
01:31:37,SP-FUTURE,3144.0,380,3144.0,2461,NOTHING
01:31:38,SP-FUTURE,3144.0,242,3144.0,2599,NOTHING
01:31:38,SP-FUTURE,3144.0,556,3144.0,2285,NOTHING
01:31:40,SP-FUTURE,3144.0,1319,3144.0,1522,NOTHING
01:31:41,SP-FUTURE,3144.0,1493,3144.0,1348,NOTHING
01:31:42,SP-FUTURE,3142.0,2379,3143.0,462,NOTHING
01:31:43,SP-FUTURE,3142.0,2215,3143.0,626,NOTHING
01:31:44,SP-FUTURE,3142.0,1976,3143.0,865,NOTHING
01:31:45,SP-FUTURE,3142.0,2253,3142.0,588,NOTHING
01:31:47,SP-FUTURE,3142.0,1165,3143.0,1676,NOTHING
01:31:49,SP-FUTURE,3142.0,925,3143.0,1916,NOTHING
01:31:49,SP-FUTURE,3142.0,1068,3143.0,1773,NOTHING
01:31:51,SP-FUTURE,3142.0,1439,3142.0,1402,NOTHING
01:31:51,SP-FUTURE,3140.0,1612,3140.0,1229,NOTHING
01:31:52,SP-FUTURE,3140.0,2056,3140.0,785,NOTHING
01:31:54,SP-FUTURE,3140.0,1864,3140.0,977,NOTHING
01:31:54,SP-FUTURE,3140.0,260,3140.0,2581,NOTHING
01:31:55,SP-FUTURE,3140.0,265,3140.0,2576,NOTHING
01:31:57,SP-FUTURE,3139.0,193,3140.0,2648,NOTHING
01:31:58,SP-FUTURE,3139.0,244,3140.0,2597,NOTHING
01:31:59,SP-FUTURE,3139.0,668,3140.0,2173,NOTHING
01:32:00,SP-FUTURE,3139.0,1694,3140.0,1147,NOTHING
01:32:01,SP-FUTURE,3139.0,1433,3139.0,1408,NOTHING
01:32:02,SP-FUTURE,3139.0,1736,3139.0,1105,NOTHING
01:32:03,SP-FUTURE,3139.0,1801,3139.0,1040,NOTHING
01:32:04,SP-FUTURE,3139.0,144,3140.0,2697,NOTHING
01:32:05,SP-FUTURE,3139.0,1086,3139.0,1755,NOTHING
01:32:06,SP-FUTURE,3139.0,1077,3139.0,1764,NOTHING
01:32:07,SP-FUTURE,3139.0,1038,3139.0,1803,NOTHING
01:32:07,SP-FUTURE,3139.0,1755,3139.0,1086,NOTHING
01:32:08,SP-FUTURE,3139.0,1986,3139.0,855,NOTHING
01:32:09,SP-FUTURE,3139.0,1391,3139.0,1450,NOTHING
01:32:10,SP-FUTURE,3139.0,1758,3139.0,1083,NOTHING
01:32:11,SP-FUTURE,3139.0,1750,3139.0,1091,NOTHING
01:32:12,SP-FUTURE,3139.0,1403,3139.0,1438,NOTHING
01:32:12,SP-FUTURE,3138.0,2757,3139.0,84,NOTHING
01:32:13,SP-FUTURE,3138.0,1738,3139.0,1103,NOTHING
01:32:14,SP-FUTURE,3138.0,997,3139.0,1844,NOTHING
01:32:15,SP-FUTURE,3138.0,696,3139.0,2145,NOTHING
01:32:16,SP-FUTURE,3137.0,906,3137.0,1935,NOTHING
01:32:17,SP-FUTURE,3137.0,1210,3137.0,1631,NOTHING
01:32:18,SP-FUTURE,3137.0,2404,3137.0,437,NOTHING
01:32:18,SP-FUTURE,3137.0,2132,3137.0,709,NOTHING
01:32:19,SP-FUTURE,3137.0,2320,3137.0,521,NOTHING
01:32:20,SP-FUTURE,3138.0,1690,3138.0,1151,NOTHING
01:32:22,SP-FUTURE,3138.0,1168,3139.0,1673,NOTHING
01:32:23,SP-FUTURE,3139.0,1837,3139.0,1004,NOTHING
01:32:24,SP-FUTURE,3139.0,582,3139.0,2259,NOTHING
01:32:25,SP-FUTURE,3139.0,324,3139.0,2517,NOTHING
01:32:27,SP-FUTURE,3139.0,2667,3139.0,174,NOTHING
01:32:29,SP-FUTURE,3139.0,560,3139.0,2281,NOTHING
01:32:31,SP-FUTURE,3139.0,454,3139.0,2387,NOTHING
01:32:32,SP-FUTURE,3139.0,2598,3139.0,243,NOTHING
01:32:32,SP-FUTURE,3139.0,1024,3139.0,1817,NOTHING
01:32:32,SP-FUTURE,3135.0,969,3135.0,1872,NOTHING
01:32:34,SP-FUTURE,3135.0,665,3135.0,2176,NOTHING
01:32:35,SP-FUTURE,3135.0,625,3135.0,2216,NOTHING
01:32:36,SP-FUTURE,3135.0,940,3135.0,1901,NOTHING
01:32:37,SP-FUTURE,3139.0,1582,3139.0,1259,NOTHING
01:32:39,SP-FUTURE,3141.0,1839,3141.0,1002,NOTHING
01:32:40,SP-FUTURE,3141.0,1197,3141.0,1644,NOTHING
01:32:40,SP-FUTURE,3141.0,722,3141.0,2119,NOTHING
01:32:42,SP-FUTURE,3140.0,1753,3141.0,1088,NOTHING
01:32:43,SP-FUTURE,3140.0,1998,3141.0,843,NOTHING
01:32:44,SP-FUTURE,3140.0,1647,3140.0,1194,NOTHING
01:32:45,SP-FUTURE,3140.0,2772,3140.0,69,NOTHING
01:32:46,SP-FUTURE,3139.0,2263,3139.0,578,NOTHING
01:32:46,SP-FUTURE,3139.0,308,3139.0,2533,NOTHING
01:32:47,SP-FUTURE,3139.0,785,3139.0,2056,NOTHING
01:32:48,SP-FUTURE,3139.0,2454,3139.0,387,NOTHING
01:32:50,SP-FUTURE,3139.0,2070,3139.0,771,NOTHING
01:32:51,SP-FUTURE,3139.0,1184,3139.0,1657,NOTHING
01:32:52,SP-FUTURE,3139.0,1190,3139.0,1651,NOTHING
01:32:53,SP-FUTURE,3141.0,141,3142.0,2700,NOTHING
01:32:55,SP-FUTURE,3141.0,1889,3141.0,952,NOTHING
01:32:56,SP-FUTURE,3141.0,1818,3141.0,1023,NOTHING
01:32:57,SP-FUTURE,3141.0,2470,3141.0,371,NOTHING
01:32:58,SP-FUTURE,3141.0,2340,3141.0,501,NOTHING
01:32:58,SP-FUTURE,3137.0,1192,3137.0,1649,NOTHING
01:33:00,SP-FUTURE,3138.0,79,3138.0,2762,NOTHING
01:33:01,SP-FUTURE,3136.0,1809,3136.0,1032,NOTHING
01:33:01,SP-FUTURE,3136.0,2025,3136.0,816,NOTHING
01:33:03,SP-FUTURE,3136.0,2018,3136.0,823,NOTHING
01:33:04,SP-FUTURE,3136.0,2263,3136.0,578,NOTHING
01:33:05,SP-FUTURE,3136.0,2172,3136.0,669,NOTHING
01:33:06,SP-FUTURE,3136.0,2145,3136.0,696,NOTHING
01:33:08,SP-FUTURE,3136.0,1762,3136.0,1079,NOTHING
01:33:09,SP-FUTURE,3136.0,592,3136.0,2249,NOTHING
01:33:10,SP-FUTURE,3135.0,2138,3136.0,703,NOTHING
01:33:11,SP-FUTURE,3135.0,1413,3136.0,1428,NOTHING
01:33:11,SP-FUTURE,3135.0,594,3136.0,2247,NOTHING
01:33:13,SP-FUTURE,3135.0,40,3136.0,2801,NOTHING
01:33:15,SP-FUTURE,3135.0,287,3136.0,2554,NOTHING
01:33:16,SP-FUTURE,3135.0,2271,3135.0,570,NOTHING
01:33:17,SP-FUTURE,3135.0,963,3135.0,1878,NOTHING
01:33:17,SP-FUTURE,3135.0,1820,3135.0,1021,NOTHING
01:33:18,SP-FUTURE,3135.0,332,3135.0,2509,NOTHING
01:33:19,SP-FUTURE,3135.0,1560,3135.0,1281,NOTHING
01:33:20,SP-FUTURE,3135.0,2801,3135.0,40,NOTHING
01:33:20,SP-FUTURE,3134.0,1823,3135.0,1018,NOTHING
01:33:21,SP-FUTURE,3134.0,713,3135.0,2128,NOTHING
01:33:22,SP-FUTURE,3134.0,1358,3134.0,1483,NOTHING
01:33:23,SP-FUTURE,3137.0,1972,3137.0,869,NOTHING
01:33:25,SP-FUTURE,3139.0,710,3139.0,2131,NOTHING
01:33:25,SP-FUTURE,3139.0,1302,3140.0,1539,NOTHING
01:33:28,SP-FUTURE,3139.0,1302,3140.0,1539,NOTHING
01:33:29,SP-FUTURE,3139.0,2063,3140.0,778,NOTHING
01:33:30,SP-FUTURE,3139.0,1322,3140.0,1519,NOTHING
01:33:31,SP-FUTURE,3139.0,2769,3139.0,72,NOTHING
01:33:32,SP-FUTURE,3139.0,2005,3140.0,836,NOTHING
01:33:32,SP-FUTURE,3140.0,611,3140.0,2230,NOTHING
01:33:34,SP-FUTURE,3140.0,1477,3140.0,1364,NOTHING
01:33:35,SP-FUTURE,3144.0,2212,3144.0,629,NOTHING
01:33:36,SP-FUTURE,3144.0,2207,3144.0,634,NOTHING
01:33:38,SP-FUTURE,3144.0,2404,3144.0,437,NOTHING
01:33:38,SP-FUTURE,3144.0,2650,3144.0,191,NOTHING
01:33:39,SP-FUTURE,3144.0,1489,3144.0,1352,NOTHING
01:33:40,SP-FUTURE,3144.0,1454,3144.0,1387,NOTHING
01:33:41,SP-FUTURE,3144.0,1159,3144.0,1682,NOTHING
01:33:42,SP-FUTURE,3144.0,1836,3144.0,1005,NOTHING
01:33:44,SP-FUTURE,3144.0,2226,3144.0,615,NOTHING
01:33:45,SP-FUTURE,3143.0,1316,3143.0,1525,NOTHING
01:33:47,SP-FUTURE,3143.0,1303,3143.0,1538,NOTHING
01:33:48,SP-FUTURE,3143.0,1320,3143.0,1521,NOTHING
01:33:50,SP-FUTURE,3141.0,1695,3141.0,1146,NOTHING
01:33:50,SP-FUTURE,3141.0,1720,3141.0,1121,NOTHING
01:33:51,SP-FUTURE,3141.0,1336,3141.0,1505,NOTHING
01:33:52,SP-FUTURE,3141.0,1290,3141.0,1551,NOTHING
01:33:53,SP-FUTURE,3140.0,1981,3141.0,860,NOTHING
01:33:53,SP-FUTURE,3141.0,793,3141.0,2048,NOTHING
01:33:55,SP-FUTURE,3141.0,1064,3141.0,1777,NOTHING
01:33:56,SP-FUTURE,3141.0,1374,3141.0,1467,NOTHING
01:33:57,SP-FUTURE,3141.0,1290,3141.0,1551,NOTHING
01:33:59,SP-FUTURE,3139.0,1801,3139.0,1040,NOTHING
01:34:00,SP-FUTURE,3139.0,959,3139.0,1882,NOTHING
01:34:01,SP-FUTURE,3139.0,959,3139.0,1882,NOTHING
01:34:02,SP-FUTURE,3139.0,1732,3139.0,1109,NOTHING
01:34:04,SP-FUTURE,3139.0,1815,3139.0,1026,NOTHING
01:34:04,SP-FUTURE,3139.0,2428,3139.0,413,NOTHING
01:34:05,SP-FUTURE,3139.0,2680,3139.0,161,NOTHING
01:34:07,SP-FUTURE,3139.0,251,3140.0,2590,NOTHING
01:34:09,SP-FUTURE,3140.0,2261,3140.0,580,NOTHING
01:34:10,SP-FUTURE,3140.0,2219,3140.0,622,NOTHING
01:34:11,SP-FUTURE,3140.0,862,3140.0,1979,NOTHING
01:34:11,SP-FUTURE,3140.0,1001,3140.0,1840,NOTHING
01:34:12,SP-FUTURE,3140.0,846,3140.0,1995,NOTHING
01:34:13,SP-FUTURE,3140.0,691,3140.0,2150,NOTHING
01:34:14,SP-FUTURE,3140.0,1525,3140.0,1316,NOTHING
01:34:14,SP-FUTURE,3140.0,13,3140.0,2828,NOTHING
01:34:14,SP-FUTURE,3140.0,2500,3140.0,341,NOTHING
01:34:15,SP-FUTURE,3140.0,364,3140.0,2477,NOTHING
01:34:16,SP-FUTURE,3140.0,1481,3140.0,1360,NOTHING
01:34:17,SP-FUTURE,3140.0,1017,3140.0,1824,NOTHING
01:34:18,SP-FUTURE,3140.0,1031,3140.0,1810,NOTHING
01:34:19,SP-FUTURE,3140.0,276,3140.0,2565,NOTHING
01:34:20,SP-FUTURE,3140.0,2643,3140.0,198,NOTHING
01:34:21,SP-FUTURE,3139.0,885,3139.0,1956,NOTHING
01:34:22,SP-FUTURE,3139.0,2500,3139.0,341,NOTHING
01:34:24,SP-FUTURE,3139.0,1249,3139.0,1592,NOTHING
01:34:25,SP-FUTURE,3139.0,1087,3139.0,1754,NOTHING
01:34:26,SP-FUTURE,3140.0,1953,3141.0,888,NOTHING
01:34:27,SP-FUTURE,3140.0,1652,3140.0,1189,NOTHING
01:34:28,SP-FUTURE,3140.0,1665,3140.0,1176,NOTHING
01:34:29,SP-FUTURE,3140.0,1145,3140.0,1696,NOTHING
01:34:30,SP-FUTURE,3140.0,1814,3140.0,1027,NOTHING
01:34:31,SP-FUTURE,3140.0,2305,3140.0,536,NOTHING
01:34:32,SP-FUTURE,3140.0,1136,3140.0,1705,NOTHING
01:34:33,SP-FUTURE,3140.0,2010,3140.0,831,NOTHING
01:34:34,SP-FUTURE,3140.0,1164,3140.0,1677,NOTHING
01:34:34,SP-FUTURE,3140.0,2210,3140.0,631,NOTHING
01:34:37,SP-FUTURE,3140.0,1316,3140.0,1525,NOTHING
01:34:38,SP-FUTURE,3140.0,2543,3140.0,298,NOTHING
01:34:39,SP-FUTURE,3140.0,942,3141.0,1899,NOTHING
01:34:40,SP-FUTURE,3140.0,1009,3141.0,1832,NOTHING
01:34:40,SP-FUTURE,3140.0,110,3140.0,2731,NOTHING
01:34:40,SP-FUTURE,3141.0,978,3141.0,1863,NOTHING
01:34:42,SP-FUTURE,3141.0,646,3141.0,2195,NOTHING
01:34:42,SP-FUTURE,3141.0,498,3141.0,2343,NOTHING
01:34:43,SP-FUTURE,3141.0,183,3141.0,2658,NOTHING
01:34:45,SP-FUTURE,3141.0,25,3141.0,2816,NOTHING
01:34:46,SP-FUTURE,3141.0,1168,3141.0,1673,NOTHING
01:34:48,SP-FUTURE,3140.0,1604,3141.0,1237,NOTHING
01:34:49,SP-FUTURE,3140.0,1563,3141.0,1278,NOTHING
01:34:50,SP-FUTURE,3140.0,2606,3141.0,235,NOTHING
01:34:52,SP-FUTURE,3141.0,9,3141.0,2832,NOTHING
01:34:53,SP-FUTURE,3141.0,2715,3141.0,126,NOTHING
01:34:54,SP-FUTURE,3141.0,2300,3141.0,541,NOTHING
01:34:56,SP-FUTURE,3141.0,466,3141.0,2375,NOTHING
01:34:57,SP-FUTURE,3141.0,619,3142.0,2222,NOTHING
01:34:58,SP-FUTURE,3141.0,1975,3142.0,866,NOTHING
01:34:58,SP-FUTURE,3141.0,2671,3141.0,170,NOTHING
01:34:58,SP-FUTURE,3141.0,2426,3141.0,415,NOTHING
01:34:59,SP-FUTURE,3141.0,78,3141.0,2763,NOTHING
01:35:01,SP-FUTURE,3141.0,2478,3141.0,363,NOTHING
01:35:02,SP-FUTURE,3141.0,2703,3141.0,138,NOTHING
01:35:03,SP-FUTURE,3141.0,2692,3141.0,149,NOTHING
01:35:04,SP-FUTURE,3142.0,604,3142.0,2237,NOTHING
01:35:04,SP-FUTURE,3141.0,836,3142.0,2005,NOTHING
01:35:06,SP-FUTURE,3143.0,1663,3143.0,1178,NOTHING
01:35:06,SP-FUTURE,3143.0,2306,3143.0,535,NOTHING
01:35:08,SP-FUTURE,3143.0,2810,3143.0,31,NOTHING
01:35:09,SP-FUTURE,3143.0,844,3143.0,1997,NOTHING
01:35:10,SP-FUTURE,3143.0,578,3144.0,2263,NOTHING
01:35:11,SP-FUTURE,3143.0,2729,3143.0,112,NOTHING
01:35:13,SP-FUTURE,3143.0,77,3144.0,2764,NOTHING
01:35:15,SP-FUTURE,3143.0,756,3144.0,2085,NOTHING
01:35:15,SP-FUTURE,3143.0,1022,3144.0,1819,NOTHING
01:35:17,SP-FUTURE,3143.0,1857,3144.0,984,NOTHING
01:35:18,SP-FUTURE,3143.0,1518,3143.0,1323,NOTHING
01:35:20,SP-FUTURE,3144.0,2069,3144.0,772,NOTHING
01:35:22,SP-FUTURE,3145.0,2154,3145.0,687,NOTHING
01:35:22,SP-FUTURE,3144.0,262,3144.0,2579,NOTHING
01:35:23,SP-FUTURE,3144.0,245,3144.0,2596,NOTHING
01:35:23,SP-FUTURE,3143.0,609,3144.0,2232,NOTHING
01:35:24,SP-FUTURE,3143.0,1745,3143.0,1096,NOTHING
01:35:26,SP-FUTURE,3142.0,2517,3142.0,324,NOTHING
01:35:27,SP-FUTURE,3142.0,2360,3142.0,481,NOTHING
01:35:28,SP-FUTURE,3142.0,2032,3142.0,809,NOTHING
01:35:28,SP-FUTURE,3142.0,395,3142.0,2446,NOTHING
01:35:30,SP-FUTURE,3143.0,1708,3143.0,1133,NOTHING
01:35:31,SP-FUTURE,3143.0,1360,3143.0,1481,NOTHING
01:35:32,SP-FUTURE,3143.0,1873,3144.0,968,NOTHING
01:35:33,SP-FUTURE,3144.0,35,3144.0,2806,NOTHING
01:35:34,SP-FUTURE,3143.0,307,3143.0,2534,NOTHING
01:35:35,SP-FUTURE,3143.0,331,3143.0,2510,NOTHING
01:35:36,SP-FUTURE,3143.0,923,3143.0,1918,NOTHING
01:35:36,SP-FUTURE,3143.0,814,3143.0,2027,NOTHING
01:35:37,SP-FUTURE,3142.0,2815,3143.0,26,NOTHING
01:35:37,SP-FUTURE,3142.0,428,3143.0,2413,NOTHING
01:35:39,SP-FUTURE,3142.0,52,3143.0,2789,NOTHING
01:35:39,SP-FUTURE,3142.0,2714,3142.0,127,NOTHING
01:35:39,SP-FUTURE,3142.0,1553,3142.0,1288,NOTHING
01:35:40,SP-FUTURE,3142.0,777,3142.0,2064,NOTHING
01:35:42,SP-FUTURE,3142.0,801,3142.0,2040,NOTHING
01:35:42,SP-FUTURE,3142.0,1046,3143.0,1795,NOTHING
01:35:43,SP-FUTURE,3142.0,1169,3142.0,1672,NOTHING
01:35:44,SP-FUTURE,3143.0,1438,3143.0,1403,NOTHING
01:35:44,SP-FUTURE,3143.0,344,3143.0,2497,NOTHING
01:35:45,SP-FUTURE,3142.0,2563,3142.0,278,NOTHING
01:35:46,SP-FUTURE,3142.0,2563,3142.0,278,NOTHING
01:35:47,SP-FUTURE,3142.0,2357,3142.0,484,NOTHING
01:35:49,SP-FUTURE,3142.0,1688,3142.0,1153,NOTHING
01:35:49,SP-FUTURE,3142.0,799,3142.0,2042,NOTHING
01:35:50,SP-FUTURE,3143.0,2611,3143.0,230,NOTHING
01:35:52,SP-FUTURE,3143.0,1865,3143.0,976,NOTHING
01:35:53,SP-FUTURE,3143.0,422,3143.0,2419,NOTHING
01:35:54,SP-FUTURE,3143.0,967,3143.0,1874,NOTHING
01:35:55,SP-FUTURE,3143.0,1066,3143.0,1775,NOTHING
01:35:56,SP-FUTURE,3143.0,1699,3143.0,1142,NOTHING
01:35:58,SP-FUTURE,3143.0,1122,3143.0,1719,NOTHING
01:35:59,SP-FUTURE,3140.0,1930,3141.0,911,NOTHING
01:36:00,SP-FUTURE,3140.0,1918,3141.0,923,NOTHING
01:36:01,SP-FUTURE,3140.0,1053,3140.0,1788,NOTHING
01:36:02,SP-FUTURE,3140.0,727,3140.0,2114,NOTHING
01:36:03,SP-FUTURE,3140.0,943,3140.0,1898,NOTHING
01:36:04,SP-FUTURE,3141.0,679,3141.0,2162,NOTHING
01:36:05,SP-FUTURE,3141.0,826,3141.0,2015,NOTHING
01:36:06,SP-FUTURE,3141.0,1007,3141.0,1834,NOTHING
01:36:07,SP-FUTURE,3140.0,1403,3141.0,1438,NOTHING
01:36:08,SP-FUTURE,3140.0,1351,3141.0,1490,NOTHING
01:36:10,SP-FUTURE,3141.0,18,3141.0,2823,NOTHING
01:36:10,SP-FUTURE,3140.0,2812,3141.0,29,NOTHING
01:36:11,SP-FUTURE,3140.0,2167,3141.0,674,NOTHING
01:36:11,SP-FUTURE,3140.0,2160,3141.0,681,NOTHING
01:36:12,SP-FUTURE,3142.0,2665,3143.0,176,NOTHING
01:36:13,SP-FUTURE,3142.0,2555,3143.0,286,NOTHING
01:36:14,SP-FUTURE,3142.0,2557,3143.0,284,NOTHING
01:36:16,SP-FUTURE,3142.0,2476,3143.0,365,NOTHING
01:36:17,SP-FUTURE,3142.0,1655,3143.0,1186,NOTHING
01:36:18,SP-FUTURE,3142.0,1665,3143.0,1176,NOTHING
01:36:19,SP-FUTURE,3142.0,1557,3142.0,1284,NOTHING
01:36:20,SP-FUTURE,3142.0,1841,3142.0,1000,NOTHING
01:36:20,SP-FUTURE,3142.0,1873,3142.0,968,NOTHING
01:36:21,SP-FUTURE,3142.0,2681,3142.0,160,NOTHING
01:36:23,SP-FUTURE,3142.0,2339,3142.0,502,NOTHING
01:36:24,SP-FUTURE,3142.0,2253,3142.0,588,NOTHING
01:36:24,SP-FUTURE,3142.0,2598,3142.0,243,NOTHING
01:36:25,SP-FUTURE,3142.0,1969,3142.0,872,NOTHING
01:36:26,SP-FUTURE,3142.0,2737,3142.0,104,NOTHING
01:36:27,SP-FUTURE,3142.0,2367,3142.0,474,NOTHING
01:36:28,SP-FUTURE,3142.0,2690,3142.0,151,NOTHING
01:36:30,SP-FUTURE,3143.0,494,3143.0,2347,NOTHING
01:36:31,SP-FUTURE,3143.0,315,3143.0,2526,NOTHING
01:36:32,SP-FUTURE,3143.0,609,3143.0,2232,NOTHING
01:36:33,SP-FUTURE,3143.0,2260,3143.0,581,NOTHING
01:36:34,SP-FUTURE,3143.0,196,3143.0,2645,NOTHING
01:36:36,SP-FUTURE,3143.0,59,3143.0,2782,NOTHING
01:36:37,SP-FUTURE,3143.0,2554,3143.0,287,NOTHING
01:36:38,SP-FUTURE,3143.0,132,3143.0,2709,NOTHING
01:36:39,SP-FUTURE,3142.0,2509,3143.0,332,NOTHING
01:36:39,SP-FUTURE,3142.0,2680,3143.0,161,NOTHING
01:36:40,SP-FUTURE,3143.0,474,3143.0,2367,NOTHING
01:36:41,SP-FUTURE,3143.0,98,3143.0,2743,NOTHING
01:36:42,SP-FUTURE,3143.0,1219,3143.0,1622,NOTHING
01:36:44,SP-FUTURE,3142.0,2207,3142.0,634,NOTHING
01:36:44,SP-FUTURE,3143.0,1717,3143.0,1124,NOTHING
01:36:44,SP-FUTURE,3143.0,1140,3143.0,1701,NOTHING
01:36:45,SP-FUTURE,3143.0,1145,3143.0,1696,NOTHING
01:36:46,SP-FUTURE,3143.0,1199,3143.0,1642,NOTHING
01:36:48,SP-FUTURE,3143.0,742,3143.0,2099,NOTHING
01:36:50,SP-FUTURE,3143.0,898,3143.0,1943,NOTHING
01:36:51,SP-FUTURE,3143.0,1005,3143.0,1836,NOTHING
01:36:51,SP-FUTURE,3143.0,1007,3143.0,1834,NOTHING
01:36:53,SP-FUTURE,3143.0,2192,3143.0,649,NOTHING
01:36:54,SP-FUTURE,3143.0,2533,3143.0,308,NOTHING
01:36:55,SP-FUTURE,3143.0,595,3143.0,2246,NOTHING
01:36:56,SP-FUTURE,3143.0,1799,3143.0,1042,NOTHING
01:36:57,SP-FUTURE,3143.0,1297,3143.0,1544,NOTHING
