Timestamp,Instrument,Bid Price,Bid Volume,Ask Price,Ask Volume,TODO
02:24:13,SP-FUTURE,3093.0,2654,3093.0,194,NOTHING
02:24:14,SP-FUTURE,3093.0,2664,3093.0,184,NOTHING
02:24:15,SP-FUTURE,3093.0,976,3094.0,1872,NOTHING
02:24:16,SP-FUTURE,3093.0,2754,3093.0,94,NOTHING
02:24:16,SP-FUTURE,3093.0,2656,3093.0,192,NOTHING
02:24:19,SP-FUTURE,3093.0,2406,3093.0,442,NOTHING
02:24:19,SP-FUTURE,3093.0,296,3094.0,2552,NOTHING
02:24:20,SP-FUTURE,3094.0,612,3094.0,2236,NOTHING
02:24:22,SP-FUTURE,3094.0,946,3095.0,1902,NOTHING
02:24:23,SP-FUTURE,3095.0,2520,3095.0,328,NOTHING
02:24:23,SP-FUTURE,3095.0,2661,3095.0,187,NOTHING
02:24:24,SP-FUTURE,3095.0,2816,3095.0,32,NOTHING
02:24:24,SP-FUTURE,3095.0,537,3096.0,2311,NOTHING
02:24:25,SP-FUTURE,3095.0,437,3096.0,2411,NOTHING
02:24:26,SP-FUTURE,3095.0,2505,3095.0,343,NOTHING
02:24:27,SP-FUTURE,3095.0,2447,3095.0,401,NOTHING
02:24:27,SP-FUTURE,3095.0,982,3096.0,1866,NOTHING
02:24:28,SP-FUTURE,3095.0,1715,3095.0,1133,NOTHING
02:24:28,SP-FUTURE,3095.0,1370,3095.0,1478,NOTHING
02:24:29,SP-FUTURE,3095.0,404,3095.0,2444,NOTHING
02:24:30,SP-FUTURE,3095.0,413,3095.0,2435,NOTHING
02:24:32,SP-FUTURE,3095.0,1231,3095.0,1617,NOTHING
02:24:33,SP-FUTURE,3095.0,258,3095.0,2590,NOTHING
02:24:33,SP-FUTURE,3094.0,883,3095.0,1965,NOTHING
02:24:34,SP-FUTURE,3095.0,1592,3095.0,1256,NOTHING
02:24:35,SP-FUTURE,3095.0,1205,3095.0,1643,NOTHING
02:24:36,SP-FUTURE,3095.0,1025,3095.0,1823,NOTHING
02:24:37,SP-FUTURE,3095.0,1022,3095.0,1826,NOTHING
02:24:38,SP-FUTURE,3095.0,815,3095.0,2033,NOTHING
02:24:38,SP-FUTURE,3095.0,1354,3095.0,1494,NOTHING
02:24:40,SP-FUTURE,3095.0,1081,3095.0,1767,NOTHING
02:24:40,SP-FUTURE,3094.0,1250,3095.0,1598,NOTHING
02:24:41,SP-FUTURE,3094.0,1283,3095.0,1565,NOTHING
02:24:42,SP-FUTURE,3094.0,992,3095.0,1856,NOTHING
02:24:44,SP-FUTURE,3095.0,882,3095.0,1966,NOTHING
02:24:44,SP-FUTURE,3095.0,2159,3095.0,689,NOTHING
02:24:45,SP-FUTURE,3094.0,187,3095.0,2661,NOTHING
02:24:46,SP-FUTURE,3094.0,2466,3094.0,382,NOTHING
02:24:46,SP-FUTURE,3094.0,1199,3094.0,1649,NOTHING
02:24:47,SP-FUTURE,3094.0,1396,3094.0,1452,NOTHING
02:24:48,SP-FUTURE,3094.0,2475,3094.0,373,NOTHING
02:24:48,SP-FUTURE,3094.0,1976,3094.0,872,NOTHING
02:24:49,SP-FUTURE,3094.0,2325,3094.0,523,NOTHING
02:24:50,SP-FUTURE,3094.0,262,3095.0,2586,NOTHING
02:24:50,SP-FUTURE,3094.0,2520,3094.0,328,NOTHING
02:24:52,SP-FUTURE,3094.0,689,3094.0,2159,NOTHING
02:24:52,SP-FUTURE,3094.0,984,3094.0,1864,NOTHING
02:24:54,SP-FUTURE,3094.0,2810,3094.0,38,NOTHING
02:24:55,SP-FUTURE,3094.0,58,3094.0,2790,NOTHING
02:24:56,SP-FUTURE,3094.0,2717,3094.0,131,NOTHING
02:24:57,SP-FUTURE,3094.0,2164,3094.0,684,NOTHING
02:24:58,SP-FUTURE,3094.0,1045,3094.0,1803,NOTHING
02:24:59,SP-FUTURE,3094.0,32,3094.0,2816,NOTHING
02:25:00,SP-FUTURE,3094.0,1833,3094.0,1015,NOTHING
02:25:02,SP-FUTURE,3095.0,2251,3095.0,597,NOTHING
02:25:03,SP-FUTURE,3095.0,2777,3095.0,71,NOTHING
02:25:04,SP-FUTURE,3093.0,1601,3094.0,1247,NOTHING
02:25:05,SP-FUTURE,3093.0,1128,3094.0,1720,NOTHING
02:25:07,SP-FUTURE,3093.0,2254,3093.0,594,NOTHING
02:25:09,SP-FUTURE,3093.0,1620,3093.0,1228,NOTHING
02:25:09,SP-FUTURE,3093.0,1581,3093.0,1267,NOTHING
02:25:10,SP-FUTURE,3093.0,1583,3093.0,1265,NOTHING
02:25:12,SP-FUTURE,3093.0,1818,3093.0,1030,NOTHING
02:25:12,SP-FUTURE,3093.0,174,3093.0,2674,NOTHING
02:25:14,SP-FUTURE,3093.0,171,3093.0,2677,NOTHING
02:25:15,SP-FUTURE,3093.0,2848,3094.0,2,NOTHING
02:25:16,SP-FUTURE,3094.0,2530,3094.0,320,NOTHING
02:25:18,SP-FUTURE,3094.0,1121,3094.0,1729,NOTHING
02:25:19,SP-FUTURE,3094.0,1524,3094.0,1326,NOTHING
02:25:19,SP-FUTURE,3094.0,2728,3094.0,122,NOTHING
02:25:22,SP-FUTURE,3095.0,333,3095.0,2517,NOTHING
02:25:23,SP-FUTURE,3095.0,1983,3095.0,867,NOTHING
02:25:23,SP-FUTURE,3094.0,1173,3095.0,1677,NOTHING
02:25:24,SP-FUTURE,3095.0,2004,3095.0,846,NOTHING
02:25:25,SP-FUTURE,3095.0,2004,3095.0,846,NOTHING
02:25:26,SP-FUTURE,3095.0,1482,3095.0,1368,NOTHING
02:25:27,SP-FUTURE,3095.0,1390,3095.0,1460,NOTHING
02:25:28,SP-FUTURE,3095.0,687,3095.0,2163,NOTHING
02:25:28,SP-FUTURE,3095.0,602,3095.0,2248,NOTHING
02:25:30,SP-FUTURE,3095.0,1523,3095.0,1327,NOTHING
02:25:31,SP-FUTURE,3095.0,1635,3095.0,1215,NOTHING
02:25:31,SP-FUTURE,3094.0,1559,3095.0,1291,NOTHING
02:25:32,SP-FUTURE,3094.0,2406,3095.0,444,NOTHING
02:25:34,SP-FUTURE,3094.0,2731,3094.0,119,NOTHING
02:25:34,SP-FUTURE,3094.0,2518,3094.0,332,NOTHING
02:25:35,SP-FUTURE,3094.0,2571,3094.0,279,NOTHING
02:25:37,SP-FUTURE,3094.0,2587,3094.0,263,NOTHING
02:25:37,SP-FUTURE,3094.0,828,3094.0,2022,NOTHING
02:25:39,SP-FUTURE,3094.0,854,3094.0,1996,NOTHING
02:25:40,SP-FUTURE,3094.0,1779,3094.0,1071,NOTHING
02:25:41,SP-FUTURE,3094.0,472,3094.0,2378,NOTHING
02:25:42,SP-FUTURE,3094.0,1371,3094.0,1479,NOTHING
02:25:43,SP-FUTURE,3094.0,1913,3094.0,937,NOTHING
02:25:43,SP-FUTURE,3094.0,826,3094.0,2024,NOTHING
02:25:46,SP-FUTURE,3090.0,362,3090.0,2488,NOTHING
02:25:47,SP-FUTURE,3090.0,158,3090.0,2692,NOTHING
02:25:47,SP-FUTURE,3090.0,2279,3090.0,571,NOTHING
02:25:48,SP-FUTURE,3090.0,1067,3090.0,1783,NOTHING
02:25:49,SP-FUTURE,3090.0,1570,3090.0,1280,NOTHING
02:25:49,SP-FUTURE,3090.0,2247,3090.0,603,NOTHING
02:25:50,SP-FUTURE,3090.0,2658,3091.0,192,NOTHING
02:25:52,SP-FUTURE,3090.0,2761,3091.0,89,NOTHING
02:25:53,SP-FUTURE,3091.0,1454,3091.0,1396,NOTHING
02:25:53,SP-FUTURE,3091.0,2340,3091.0,510,NOTHING
02:25:54,SP-FUTURE,3091.0,756,3091.0,2094,NOTHING
02:25:54,SP-FUTURE,3091.0,408,3091.0,2442,NOTHING
02:25:55,SP-FUTURE,3091.0,2738,3091.0,112,NOTHING
02:25:55,SP-FUTURE,3091.0,343,3091.0,2507,NOTHING
02:25:57,SP-FUTURE,3091.0,2789,3091.0,61,NOTHING
02:25:58,SP-FUTURE,3091.0,2410,3091.0,440,NOTHING
02:25:59,SP-FUTURE,3091.0,2420,3091.0,430,NOTHING
02:26:00,SP-FUTURE,3091.0,1689,3091.0,1161,NOTHING
02:26:01,SP-FUTURE,3092.0,2260,3092.0,590,NOTHING
02:26:01,SP-FUTURE,3092.0,2534,3093.0,316,NOTHING
02:26:02,SP-FUTURE,3093.0,1381,3093.0,1469,NOTHING
02:26:03,SP-FUTURE,3094.0,2146,3094.0,704,NOTHING
02:26:04,SP-FUTURE,3093.0,1919,3093.0,931,NOTHING
02:26:05,SP-FUTURE,3093.0,1107,3093.0,1743,NOTHING
02:26:06,SP-FUTURE,3093.0,876,3093.0,1974,NOTHING
02:26:07,SP-FUTURE,3093.0,727,3094.0,2123,NOTHING
02:26:08,SP-FUTURE,3093.0,1964,3093.0,886,NOTHING
02:26:09,SP-FUTURE,3093.0,2545,3093.0,305,NOTHING
02:26:10,SP-FUTURE,3091.0,828,3091.0,2022,NOTHING
02:26:11,SP-FUTURE,3092.0,99,3092.0,2751,NOTHING
02:26:13,SP-FUTURE,3094.0,1895,3094.0,955,NOTHING
02:26:14,SP-FUTURE,3094.0,1883,3094.0,967,NOTHING
02:26:16,SP-FUTURE,3094.0,1452,3094.0,1398,NOTHING
02:26:16,SP-FUTURE,3093.0,2382,3093.0,468,NOTHING
02:26:18,SP-FUTURE,3092.0,1279,3093.0,1571,NOTHING
02:26:20,SP-FUTURE,3092.0,1320,3093.0,1530,NOTHING
02:26:21,SP-FUTURE,3092.0,1309,3092.0,1541,NOTHING
02:26:22,SP-FUTURE,3092.0,2040,3092.0,810,NOTHING
02:26:23,SP-FUTURE,3094.0,97,3094.0,2753,NOTHING
02:26:23,SP-FUTURE,3094.0,1852,3094.0,998,NOTHING
02:26:24,SP-FUTURE,3094.0,2823,3094.0,27,NOTHING
02:26:24,SP-FUTURE,3094.0,2020,3094.0,830,NOTHING
02:26:26,SP-FUTURE,3094.0,1984,3094.0,866,NOTHING
02:26:27,SP-FUTURE,3095.0,2749,3095.0,101,NOTHING
02:26:28,SP-FUTURE,3095.0,102,3095.0,2748,NOTHING
02:26:29,SP-FUTURE,3094.0,577,3094.0,2273,NOTHING
02:26:31,SP-FUTURE,3095.0,814,3095.0,2036,NOTHING
02:26:32,SP-FUTURE,3095.0,1487,3095.0,1363,NOTHING
02:26:33,SP-FUTURE,3095.0,2711,3095.0,139,NOTHING
02:26:34,SP-FUTURE,3095.0,1114,3095.0,1736,NOTHING
02:26:36,SP-FUTURE,3095.0,793,3095.0,2057,NOTHING
02:26:37,SP-FUTURE,3095.0,749,3095.0,2101,NOTHING
02:26:38,SP-FUTURE,3099.0,2308,3099.0,542,NOTHING
02:26:39,SP-FUTURE,3099.0,2315,3099.0,535,NOTHING
02:26:40,SP-FUTURE,3099.0,1468,3099.0,1382,NOTHING
02:26:42,SP-FUTURE,3099.0,1098,3099.0,1752,NOTHING
02:26:44,SP-FUTURE,3097.0,56,3098.0,2794,NOTHING
02:26:44,SP-FUTURE,3097.0,2826,3097.0,24,NOTHING
02:26:46,SP-FUTURE,3098.0,2188,3099.0,662,NOTHING
02:26:47,SP-FUTURE,3098.0,781,3099.0,2069,NOTHING
02:26:49,SP-FUTURE,3098.0,732,3099.0,2118,NOTHING
02:26:50,SP-FUTURE,3098.0,908,3099.0,1942,NOTHING
02:26:50,SP-FUTURE,3098.0,1256,3099.0,1594,NOTHING
02:26:52,SP-FUTURE,3098.0,1526,3099.0,1324,NOTHING
02:26:54,SP-FUTURE,3099.0,2690,3099.0,160,NOTHING
02:26:55,SP-FUTURE,3099.0,445,3099.0,2405,NOTHING
02:26:56,SP-FUTURE,3099.0,212,3099.0,2638,NOTHING
02:26:57,SP-FUTURE,3099.0,334,3099.0,2516,NOTHING
02:26:58,SP-FUTURE,3098.0,2481,3098.0,369,NOTHING
02:27:00,SP-FUTURE,3098.0,2337,3098.0,513,NOTHING
02:27:01,SP-FUTURE,3098.0,2577,3098.0,273,NOTHING
02:27:02,SP-FUTURE,3098.0,2563,3098.0,287,NOTHING
02:27:03,SP-FUTURE,3098.0,2431,3098.0,419,NOTHING
02:27:05,SP-FUTURE,3098.0,914,3098.0,1936,NOTHING
02:27:06,SP-FUTURE,3098.0,1094,3098.0,1756,NOTHING
02:27:07,SP-FUTURE,3098.0,1073,3098.0,1777,NOTHING
02:27:08,SP-FUTURE,3098.0,1118,3098.0,1732,NOTHING
02:27:09,SP-FUTURE,3098.0,2395,3098.0,455,NOTHING
02:27:11,SP-FUTURE,3098.0,2427,3098.0,423,NOTHING
02:27:13,SP-FUTURE,3098.0,1815,3098.0,1035,NOTHING
02:27:15,SP-FUTURE,3098.0,445,3098.0,2405,NOTHING
02:27:17,SP-FUTURE,3098.0,446,3098.0,2404,NOTHING
02:27:18,SP-FUTURE,3098.0,727,3098.0,2123,NOTHING
02:27:19,SP-FUTURE,3098.0,2743,3098.0,107,NOTHING
02:27:20,SP-FUTURE,3098.0,21,3098.0,2829,NOTHING
02:27:20,SP-FUTURE,3098.0,65,3098.0,2785,NOTHING
02:27:21,SP-FUTURE,3098.0,2558,3098.0,292,NOTHING
02:27:22,SP-FUTURE,3098.0,951,3098.0,1899,NOTHING
02:27:23,SP-FUTURE,3098.0,952,3098.0,1898,NOTHING
02:27:24,SP-FUTURE,3098.0,933,3098.0,1917,NOTHING
02:27:25,SP-FUTURE,3098.0,2157,3098.0,693,NOTHING
02:27:26,SP-FUTURE,3098.0,157,3098.0,2693,NOTHING
02:27:26,SP-FUTURE,3098.0,343,3098.0,2507,NOTHING
02:27:27,SP-FUTURE,3098.0,2628,3098.0,222,NOTHING
02:27:28,SP-FUTURE,3098.0,2313,3098.0,537,NOTHING
02:27:29,SP-FUTURE,3098.0,2229,3098.0,621,NOTHING
02:27:30,SP-FUTURE,3098.0,1778,3098.0,1072,NOTHING
02:27:30,SP-FUTURE,3098.0,1965,3098.0,885,NOTHING
02:27:31,SP-FUTURE,3098.0,1145,3098.0,1705,NOTHING
02:27:32,SP-FUTURE,3098.0,2214,3098.0,636,NOTHING
02:27:33,SP-FUTURE,3098.0,785,3098.0,2065,NOTHING
02:27:34,SP-FUTURE,3097.0,2802,3098.0,48,NOTHING
02:27:34,SP-FUTURE,3097.0,1841,3098.0,1009,NOTHING
02:27:35,SP-FUTURE,3097.0,112,3098.0,2738,NOTHING
02:27:36,SP-FUTURE,3097.0,245,3098.0,2605,NOTHING
02:27:38,SP-FUTURE,3097.0,420,3098.0,2430,NOTHING
02:27:39,SP-FUTURE,3097.0,271,3098.0,2579,NOTHING
02:27:41,SP-FUTURE,3097.0,309,3098.0,2541,NOTHING
02:27:42,SP-FUTURE,3096.0,667,3097.0,2183,NOTHING
02:27:43,SP-FUTURE,3095.0,463,3095.0,2387,NOTHING
02:27:44,SP-FUTURE,3095.0,452,3095.0,2398,NOTHING
02:27:45,SP-FUTURE,3095.0,35,3095.0,2815,NOTHING
02:27:47,SP-FUTURE,3094.0,1479,3095.0,1371,NOTHING
02:27:49,SP-FUTURE,3094.0,777,3094.0,2073,NOTHING
02:27:50,SP-FUTURE,3094.0,966,3094.0,1884,NOTHING
02:27:51,SP-FUTURE,3095.0,1494,3095.0,1356,NOTHING
02:27:51,SP-FUTURE,3095.0,1456,3095.0,1394,NOTHING
02:27:52,SP-FUTURE,3095.0,1295,3096.0,1555,NOTHING
02:27:53,SP-FUTURE,3095.0,1174,3096.0,1676,NOTHING
02:27:55,SP-FUTURE,3096.0,586,3096.0,2264,NOTHING
02:27:55,SP-FUTURE,3096.0,687,3096.0,2163,NOTHING
02:27:56,SP-FUTURE,3096.0,992,3096.0,1858,NOTHING
02:27:58,SP-FUTURE,3096.0,743,3096.0,2107,NOTHING
02:27:59,SP-FUTURE,3095.0,2469,3096.0,381,NOTHING
02:28:00,SP-FUTURE,3095.0,2267,3096.0,583,NOTHING
02:28:01,SP-FUTURE,3095.0,1320,3095.0,1530,NOTHING
02:28:02,SP-FUTURE,3095.0,1375,3095.0,1475,NOTHING
02:28:03,SP-FUTURE,3095.0,2453,3095.0,397,NOTHING
02:28:04,SP-FUTURE,3095.0,2771,3095.0,79,NOTHING
02:28:05,SP-FUTURE,3095.0,2,3096.0,2848,NOTHING
02:28:06,SP-FUTURE,3095.0,2846,3095.0,4,NOTHING
02:28:08,SP-FUTURE,3095.0,2806,3095.0,44,NOTHING
02:28:09,SP-FUTURE,3095.0,643,3095.0,2207,NOTHING
02:28:11,SP-FUTURE,3095.0,143,3095.0,2707,NOTHING
02:28:12,SP-FUTURE,3095.0,187,3095.0,2663,NOTHING
02:28:12,SP-FUTURE,3095.0,1877,3095.0,973,NOTHING
02:28:13,SP-FUTURE,3094.0,2832,3094.0,18,NOTHING
02:28:14,SP-FUTURE,3094.0,2711,3094.0,139,NOTHING
02:28:16,SP-FUTURE,3094.0,1626,3094.0,1224,NOTHING
02:28:16,SP-FUTURE,3094.0,1779,3095.0,1071,NOTHING
02:28:18,SP-FUTURE,3094.0,1784,3095.0,1066,NOTHING
02:28:19,SP-FUTURE,3094.0,2063,3095.0,787,NOTHING
02:28:20,SP-FUTURE,3094.0,2644,3095.0,206,NOTHING
02:28:21,SP-FUTURE,3095.0,945,3095.0,1905,NOTHING
02:28:22,SP-FUTURE,3095.0,1277,3095.0,1573,NOTHING
02:28:23,SP-FUTURE,3095.0,1007,3095.0,1843,NOTHING
02:28:24,SP-FUTURE,3093.0,1696,3094.0,1154,NOTHING
02:28:25,SP-FUTURE,3093.0,1031,3094.0,1819,NOTHING
02:28:26,SP-FUTURE,3093.0,1210,3094.0,1640,NOTHING
02:28:27,SP-FUTURE,3093.0,515,3094.0,2335,NOTHING
02:28:28,SP-FUTURE,3093.0,2535,3093.0,315,NOTHING
02:28:29,SP-FUTURE,3094.0,2167,3094.0,683,NOTHING
02:28:30,SP-FUTURE,3095.0,389,3095.0,2461,NOTHING
02:28:31,SP-FUTURE,3095.0,613,3095.0,2237,NOTHING
02:28:32,SP-FUTURE,3095.0,2821,3095.0,29,NOTHING
02:28:33,SP-FUTURE,3095.0,50,3095.0,2800,NOTHING
02:28:34,SP-FUTURE,3095.0,1742,3096.0,1108,NOTHING
02:28:35,SP-FUTURE,3095.0,2179,3095.0,671,NOTHING
02:28:36,SP-FUTURE,3094.0,876,3095.0,1974,NOTHING
02:28:37,SP-FUTURE,3094.0,1316,3094.0,1534,NOTHING
02:28:38,SP-FUTURE,3094.0,1616,3094.0,1234,NOTHING
02:28:39,SP-FUTURE,3094.0,813,3094.0,2037,NOTHING
02:28:40,SP-FUTURE,3094.0,805,3094.0,2045,NOTHING
02:28:42,SP-FUTURE,3094.0,881,3094.0,1969,NOTHING
02:28:43,SP-FUTURE,3094.0,2218,3094.0,632,NOTHING
02:28:45,SP-FUTURE,3094.0,737,3094.0,2113,NOTHING
02:28:46,SP-FUTURE,3094.0,742,3094.0,2108,NOTHING
02:28:47,SP-FUTURE,3094.0,399,3094.0,2451,NOTHING
02:28:49,SP-FUTURE,3094.0,410,3094.0,2440,NOTHING
02:28:50,SP-FUTURE,3094.0,122,3094.0,2728,NOTHING
02:28:51,SP-FUTURE,3093.0,2758,3094.0,92,NOTHING
02:28:52,SP-FUTURE,3094.0,1554,3094.0,1296,NOTHING
02:28:52,SP-FUTURE,3094.0,1291,3094.0,1559,NOTHING
02:28:54,SP-FUTURE,3094.0,1204,3094.0,1646,NOTHING
02:28:55,SP-FUTURE,3094.0,1949,3094.0,901,NOTHING
02:28:55,SP-FUTURE,3094.0,2309,3094.0,541,NOTHING
02:28:56,SP-FUTURE,3094.0,2257,3094.0,593,NOTHING
02:28:57,SP-FUTURE,3094.0,994,3094.0,1856,NOTHING
02:28:58,SP-FUTURE,3093.0,366,3093.0,2484,NOTHING
02:29:00,SP-FUTURE,3093.0,787,3093.0,2063,NOTHING
02:29:00,SP-FUTURE,3093.0,1404,3093.0,1446,NOTHING
02:29:00,SP-FUTURE,3093.0,214,3093.0,2636,NOTHING
02:29:02,SP-FUTURE,3095.0,2764,3095.0,86,NOTHING
02:29:03,SP-FUTURE,3095.0,1639,3095.0,1211,NOTHING
02:29:03,SP-FUTURE,3095.0,2177,3095.0,673,NOTHING
02:29:04,SP-FUTURE,3094.0,1960,3094.0,890,NOTHING
02:29:05,SP-FUTURE,3094.0,2056,3094.0,794,NOTHING
02:29:05,SP-FUTURE,3094.0,2221,3094.0,629,NOTHING
02:29:07,SP-FUTURE,3094.0,2219,3094.0,631,NOTHING
02:29:08,SP-FUTURE,3094.0,1563,3095.0,1287,NOTHING
02:29:09,SP-FUTURE,3094.0,962,3094.0,1888,NOTHING
02:29:10,SP-FUTURE,3094.0,1017,3094.0,1833,NOTHING
02:29:11,SP-FUTURE,3093.0,1408,3093.0,1442,NOTHING
02:29:12,SP-FUTURE,3093.0,662,3094.0,2188,NOTHING
02:29:13,SP-FUTURE,3093.0,2007,3093.0,843,NOTHING
02:29:14,SP-FUTURE,3093.0,891,3093.0,1959,NOTHING
02:29:14,SP-FUTURE,3093.0,1011,3093.0,1839,NOTHING
02:29:15,SP-FUTURE,3093.0,1011,3093.0,1839,NOTHING
02:29:17,SP-FUTURE,3093.0,461,3093.0,2389,NOTHING
02:29:19,SP-FUTURE,3093.0,437,3093.0,2413,NOTHING
02:29:20,SP-FUTURE,3093.0,2425,3093.0,425,NOTHING
02:29:21,SP-FUTURE,3092.0,1189,3093.0,1661,NOTHING
02:29:22,SP-FUTURE,3092.0,622,3093.0,2228,NOTHING
02:29:24,SP-FUTURE,3092.0,2780,3092.0,70,NOTHING
02:29:25,SP-FUTURE,3092.0,666,3093.0,2184,NOTHING
02:29:26,SP-FUTURE,3092.0,74,3092.0,2776,NOTHING
02:29:27,SP-FUTURE,3092.0,2138,3092.0,712,NOTHING
02:29:29,SP-FUTURE,3092.0,2138,3092.0,712,NOTHING
02:29:30,SP-FUTURE,3091.0,9,3091.0,2841,NOTHING
02:29:31,SP-FUTURE,3091.0,54,3091.0,2796,NOTHING
02:29:33,SP-FUTURE,3091.0,1028,3091.0,1822,NOTHING
02:29:33,SP-FUTURE,3091.0,46,3091.0,2804,NOTHING
02:29:34,SP-FUTURE,3091.0,1777,3091.0,1073,NOTHING
02:29:35,SP-FUTURE,3091.0,715,3091.0,2135,NOTHING
02:29:35,SP-FUTURE,3091.0,276,3091.0,2574,NOTHING
02:29:36,SP-FUTURE,3091.0,405,3091.0,2445,NOTHING
02:29:37,SP-FUTURE,3091.0,688,3091.0,2162,NOTHING
02:29:38,SP-FUTURE,3091.0,711,3091.0,2139,NOTHING
02:29:38,SP-FUTURE,3090.0,1860,3091.0,990,NOTHING
02:29:38,SP-FUTURE,3090.0,1867,3091.0,983,NOTHING
02:29:40,SP-FUTURE,3090.0,2031,3091.0,819,NOTHING
02:29:41,SP-FUTURE,3090.0,359,3090.0,2491,NOTHING
02:29:42,SP-FUTURE,3090.0,391,3090.0,2459,NOTHING
02:29:43,SP-FUTURE,3090.0,1474,3090.0,1376,NOTHING
02:29:44,SP-FUTURE,3090.0,1150,3090.0,1700,NOTHING
02:29:45,SP-FUTURE,3090.0,1241,3090.0,1609,NOTHING
02:29:46,SP-FUTURE,3089.0,2140,3090.0,710,NOTHING
02:29:46,SP-FUTURE,3089.0,1889,3090.0,961,NOTHING
02:29:46,SP-FUTURE,3089.0,1352,3090.0,1498,NOTHING
02:29:47,SP-FUTURE,3089.0,1352,3090.0,1498,NOTHING
02:29:47,SP-FUTURE,3089.0,1297,3090.0,1553,NOTHING
02:29:49,SP-FUTURE,3090.0,753,3090.0,2097,NOTHING
02:29:50,SP-FUTURE,3090.0,510,3090.0,2340,NOTHING
02:29:51,SP-FUTURE,3090.0,1542,3090.0,1308,NOTHING
02:29:51,SP-FUTURE,3090.0,2201,3090.0,649,NOTHING
02:29:53,SP-FUTURE,3090.0,2183,3090.0,667,NOTHING
02:29:54,SP-FUTURE,3091.0,360,3091.0,2490,NOTHING
02:29:55,SP-FUTURE,3091.0,361,3091.0,2489,NOTHING
02:29:56,SP-FUTURE,3091.0,2005,3091.0,845,NOTHING
02:29:56,SP-FUTURE,3091.0,1490,3091.0,1360,NOTHING
02:29:57,SP-FUTURE,3091.0,2097,3091.0,753,NOTHING
02:29:58,SP-FUTURE,3091.0,422,3091.0,2428,NOTHING
02:29:59,SP-FUTURE,3091.0,509,3091.0,2341,NOTHING
02:30:00,SP-FUTURE,3091.0,400,3091.0,2450,BUY
02:30:01,SP-FUTURE,3090.0,452,3090.0,2398,BUY
02:30:02,SP-FUTURE,3090.0,245,3090.0,2605,BUY
02:30:04,SP-FUTURE,3090.0,1821,3090.0,1029,BUY
02:30:05,SP-FUTURE,3090.0,2415,3090.0,435,BUY
02:30:07,SP-FUTURE,3086.0,135,3087.0,2715,BUY
02:30:07,SP-FUTURE,3086.0,909,3087.0,1941,BUY
02:30:08,SP-FUTURE,3086.0,48,3087.0,2802,BUY
02:30:10,SP-FUTURE,3086.0,480,3086.0,2370,BUY
02:30:10,SP-FUTURE,3086.0,818,3086.0,2032,BUY
02:30:11,SP-FUTURE,3086.0,782,3086.0,2068,BUY
02:30:12,SP-FUTURE,3086.0,1558,3086.0,1292,BUY
02:30:13,SP-FUTURE,3086.0,1106,3087.0,1744,BUY
02:30:15,SP-FUTURE,3087.0,2269,3087.0,581,BUY
02:30:15,SP-FUTURE,3087.0,2085,3087.0,765,BUY
02:30:17,SP-FUTURE,3087.0,616,3087.0,2234,BUY
02:30:18,SP-FUTURE,3087.0,443,3087.0,2407,BUY
02:30:18,SP-FUTURE,3087.0,2416,3087.0,434,BUY
02:30:19,SP-FUTURE,3088.0,1150,3088.0,1700,BUY
02:30:19,SP-FUTURE,3088.0,839,3088.0,2011,BUY
02:30:20,SP-FUTURE,3088.0,1696,3088.0,1154,BUY
02:30:22,SP-FUTURE,3088.0,1106,3088.0,1744,BUY
02:30:22,SP-FUTURE,3088.0,2750,3088.0,100,BUY
02:30:24,SP-FUTURE,3088.0,495,3088.0,2355,BUY
02:30:25,SP-FUTURE,3088.0,1630,3088.0,1220,BUY
02:30:26,SP-FUTURE,3088.0,1513,3088.0,1337,BUY
02:30:27,SP-FUTURE,3088.0,1286,3088.0,1564,BUY
02:30:27,SP-FUTURE,3088.0,1272,3088.0,1578,BUY
02:30:29,SP-FUTURE,3088.0,557,3088.0,2293,BUY
02:30:30,SP-FUTURE,3087.0,2488,3087.0,362,BUY
02:30:31,SP-FUTURE,3087.0,2465,3087.0,385,BUY
02:30:33,SP-FUTURE,3087.0,2506,3087.0,344,BUY
02:30:34,SP-FUTURE,3086.0,2235,3086.0,615,BUY
02:30:34,SP-FUTURE,3086.0,2452,3086.0,398,BUY
02:30:36,SP-FUTURE,3086.0,1281,3087.0,1569,BUY
02:30:37,SP-FUTURE,3086.0,1621,3087.0,1229,BUY
02:30:38,SP-FUTURE,3086.0,2489,3087.0,361,BUY
02:30:40,SP-FUTURE,3086.0,2583,3087.0,267,BUY
02:30:42,SP-FUTURE,3086.0,2538,3087.0,312,BUY
02:30:43,SP-FUTURE,3087.0,189,3087.0,2661,BUY
02:30:43,SP-FUTURE,3087.0,505,3087.0,2345,BUY
02:30:44,SP-FUTURE,3087.0,498,3087.0,2352,BUY
02:30:45,SP-FUTURE,3086.0,2719,3087.0,131,BUY
02:30:46,SP-FUTURE,3086.0,1696,3086.0,1154,BUY
02:30:47,SP-FUTURE,3086.0,1145,3087.0,1705,BUY
02:30:48,SP-FUTURE,3090.0,2621,3090.0,229,BUY
02:30:49,SP-FUTURE,3090.0,2158,3090.0,692,BUY
02:30:50,SP-FUTURE,3090.0,2198,3090.0,652,BUY
02:30:51,SP-FUTURE,3090.0,107,3090.0,2743,BUY
02:30:52,SP-FUTURE,3089.0,1502,3090.0,1348,BUY
02:30:53,SP-FUTURE,3089.0,32,3090.0,2818,BUY
02:30:54,SP-FUTURE,3089.0,148,3090.0,2702,BUY
02:30:54,SP-FUTURE,3088.0,1658,3089.0,1192,BUY
02:30:55,SP-FUTURE,3088.0,1413,3088.0,1437,BUY
02:30:56,SP-FUTURE,3089.0,1713,3089.0,1137,BUY
02:30:57,SP-FUTURE,3089.0,113,3090.0,2737,BUY
02:30:59,SP-FUTURE,3089.0,84,3090.0,2766,BUY
02:30:59,SP-FUTURE,3089.0,37,3090.0,2813,BUY
02:31:00,SP-FUTURE,3089.0,139,3089.0,2711,NOTHING
02:31:01,SP-FUTURE,3089.0,913,3089.0,1937,NOTHING
02:31:01,SP-FUTURE,3090.0,1221,3090.0,1629,NOTHING
02:31:02,SP-FUTURE,3090.0,585,3090.0,2265,NOTHING
02:31:03,SP-FUTURE,3090.0,398,3090.0,2452,NOTHING
02:31:05,SP-FUTURE,3090.0,2384,3090.0,466,NOTHING
02:31:06,SP-FUTURE,3090.0,1166,3090.0,1684,NOTHING
02:31:08,SP-FUTURE,3090.0,1456,3091.0,1394,NOTHING
02:31:08,SP-FUTURE,3090.0,2097,3091.0,753,NOTHING
02:31:09,SP-FUTURE,3090.0,1681,3091.0,1169,NOTHING
02:31:10,SP-FUTURE,3090.0,1742,3091.0,1108,NOTHING
02:31:11,SP-FUTURE,3090.0,1747,3091.0,1103,NOTHING
02:31:12,SP-FUTURE,3090.0,1446,3091.0,1404,NOTHING
02:31:12,SP-FUTURE,3090.0,1404,3091.0,1446,NOTHING
02:31:13,SP-FUTURE,3090.0,1377,3091.0,1473,NOTHING
02:31:14,SP-FUTURE,3090.0,2107,3090.0,743,NOTHING
02:31:15,SP-FUTURE,3089.0,2535,3089.0,315,NOTHING
02:31:15,SP-FUTURE,3089.0,196,3089.0,2654,NOTHING
02:31:16,SP-FUTURE,3088.0,767,3088.0,2083,NOTHING
02:31:17,SP-FUTURE,3088.0,2503,3088.0,347,NOTHING
02:31:18,SP-FUTURE,3088.0,2333,3088.0,517,NOTHING
02:31:19,SP-FUTURE,3088.0,1539,3088.0,1311,NOTHING
02:31:21,SP-FUTURE,3088.0,1161,3088.0,1689,NOTHING
02:31:22,SP-FUTURE,3088.0,2546,3088.0,304,NOTHING
02:31:23,SP-FUTURE,3089.0,1988,3089.0,862,NOTHING
02:31:24,SP-FUTURE,3089.0,1826,3089.0,1024,NOTHING
02:31:24,SP-FUTURE,3089.0,2170,3089.0,680,NOTHING
02:31:25,SP-FUTURE,3089.0,2424,3090.0,426,NOTHING
02:31:26,SP-FUTURE,3089.0,2430,3090.0,420,NOTHING
02:31:27,SP-FUTURE,3090.0,1855,3090.0,995,NOTHING
02:31:28,SP-FUTURE,3090.0,1556,3090.0,1294,NOTHING
02:31:29,SP-FUTURE,3090.0,1549,3090.0,1301,NOTHING
02:31:30,SP-FUTURE,3090.0,526,3090.0,2324,NOTHING
02:31:32,SP-FUTURE,3090.0,946,3090.0,1904,NOTHING
02:31:32,SP-FUTURE,3090.0,2360,3090.0,490,NOTHING
02:31:33,SP-FUTURE,3091.0,1755,3091.0,1095,NOTHING
02:31:33,SP-FUTURE,3091.0,407,3091.0,2443,NOTHING
02:31:34,SP-FUTURE,3091.0,1626,3092.0,1224,NOTHING
02:31:36,SP-FUTURE,3091.0,1757,3092.0,1093,NOTHING
02:31:37,SP-FUTURE,3091.0,1644,3092.0,1206,NOTHING
02:31:38,SP-FUTURE,3091.0,2653,3092.0,197,NOTHING
02:31:39,SP-FUTURE,3092.0,711,3092.0,2139,NOTHING
02:31:40,SP-FUTURE,3091.0,2850,3092.0,2,NOTHING
02:31:42,SP-FUTURE,3092.0,1807,3092.0,1045,NOTHING
02:31:42,SP-FUTURE,3092.0,25,3092.0,2827,NOTHING
02:31:43,SP-FUTURE,3091.0,2713,3092.0,139,NOTHING
02:31:44,SP-FUTURE,3092.0,59,3092.0,2793,NOTHING
02:31:45,SP-FUTURE,3091.0,685,3092.0,2167,NOTHING
02:31:46,SP-FUTURE,3091.0,2422,3091.0,430,NOTHING
02:31:48,SP-FUTURE,3093.0,2411,3093.0,441,NOTHING
02:31:49,SP-FUTURE,3093.0,959,3093.0,1893,NOTHING
02:31:50,SP-FUTURE,3093.0,1320,3093.0,1532,NOTHING
02:31:51,SP-FUTURE,3093.0,1316,3093.0,1536,NOTHING
02:31:52,SP-FUTURE,3093.0,1010,3093.0,1842,NOTHING
02:31:52,SP-FUTURE,3093.0,415,3093.0,2437,NOTHING
02:31:53,SP-FUTURE,3093.0,440,3093.0,2412,NOTHING
02:31:53,SP-FUTURE,3093.0,453,3093.0,2399,NOTHING
02:31:55,SP-FUTURE,3093.0,2135,3093.0,717,NOTHING
02:31:56,SP-FUTURE,3094.0,1284,3094.0,1568,NOTHING
02:31:57,SP-FUTURE,3094.0,81,3094.0,2771,NOTHING
02:31:58,SP-FUTURE,3094.0,1596,3094.0,1256,NOTHING
02:31:58,SP-FUTURE,3094.0,1537,3094.0,1315,NOTHING
02:31:59,SP-FUTURE,3094.0,1506,3094.0,1346,NOTHING
02:32:00,SP-FUTURE,3094.0,1842,3094.0,1010,NOTHING
02:32:01,SP-FUTURE,3094.0,2671,3094.0,181,NOTHING
02:32:02,SP-FUTURE,3093.0,2497,3093.0,355,NOTHING
02:32:04,SP-FUTURE,3093.0,78,3094.0,2774,NOTHING
02:32:05,SP-FUTURE,3093.0,1644,3093.0,1208,NOTHING
02:32:06,SP-FUTURE,3093.0,1714,3093.0,1138,NOTHING
02:32:07,SP-FUTURE,3096.0,898,3096.0,1954,NOTHING
02:32:08,SP-FUTURE,3096.0,895,3096.0,1957,NOTHING
02:32:08,SP-FUTURE,3096.0,886,3096.0,1966,NOTHING
02:32:09,SP-FUTURE,3096.0,871,3096.0,1981,NOTHING
02:32:10,SP-FUTURE,3096.0,2328,3096.0,524,NOTHING
02:32:11,SP-FUTURE,3096.0,2801,3096.0,51,NOTHING
02:32:13,SP-FUTURE,3096.0,340,3096.0,2512,NOTHING
02:32:13,SP-FUTURE,3096.0,436,3096.0,2416,NOTHING
02:32:14,SP-FUTURE,3095.0,1475,3096.0,1377,NOTHING
02:32:14,SP-FUTURE,3095.0,2374,3096.0,478,NOTHING
02:32:15,SP-FUTURE,3096.0,238,3096.0,2614,NOTHING
02:32:17,SP-FUTURE,3096.0,235,3096.0,2617,NOTHING
02:32:18,SP-FUTURE,3095.0,2013,3096.0,839,NOTHING
02:32:19,SP-FUTURE,3095.0,2249,3096.0,603,NOTHING
02:32:20,SP-FUTURE,3095.0,1862,3095.0,990,NOTHING
02:32:21,SP-FUTURE,3095.0,993,3095.0,1859,NOTHING
02:32:22,SP-FUTURE,3095.0,2465,3095.0,387,NOTHING
02:32:23,SP-FUTURE,3095.0,1747,3095.0,1105,NOTHING
02:32:24,SP-FUTURE,3095.0,1884,3095.0,968,NOTHING
02:32:25,SP-FUTURE,3095.0,2655,3095.0,197,NOTHING
02:32:27,SP-FUTURE,3095.0,527,3096.0,2325,NOTHING
02:32:27,SP-FUTURE,3095.0,529,3096.0,2323,NOTHING
02:32:29,SP-FUTURE,3099.0,401,3099.0,2451,NOTHING
02:32:30,SP-FUTURE,3099.0,432,3099.0,2420,NOTHING
02:32:31,SP-FUTURE,3094.0,2102,3095.0,750,NOTHING
02:32:32,SP-FUTURE,3094.0,2102,3095.0,750,NOTHING
02:32:33,SP-FUTURE,3094.0,2053,3095.0,799,NOTHING
02:32:33,SP-FUTURE,3094.0,2050,3095.0,802,NOTHING
02:32:34,SP-FUTURE,3094.0,1946,3095.0,906,NOTHING
02:32:34,SP-FUTURE,3095.0,2134,3095.0,718,NOTHING
02:32:35,SP-FUTURE,3095.0,232,3095.0,2620,NOTHING
02:32:37,SP-FUTURE,3096.0,1215,3096.0,1637,NOTHING
02:32:38,SP-FUTURE,3096.0,1202,3096.0,1650,NOTHING
02:32:39,SP-FUTURE,3096.0,1037,3096.0,1815,NOTHING
02:32:40,SP-FUTURE,3096.0,538,3096.0,2314,NOTHING
02:32:40,SP-FUTURE,3096.0,516,3096.0,2336,NOTHING
02:32:41,SP-FUTURE,3096.0,2226,3096.0,626,NOTHING
02:32:41,SP-FUTURE,3096.0,2025,3096.0,827,NOTHING
02:32:42,SP-FUTURE,3096.0,2174,3096.0,678,NOTHING
02:32:44,SP-FUTURE,3096.0,2614,3096.0,238,NOTHING
02:32:45,SP-FUTURE,3097.0,1016,3097.0,1836,NOTHING
02:32:46,SP-FUTURE,3097.0,1348,3097.0,1504,NOTHING
02:32:47,SP-FUTURE,3097.0,1015,3097.0,1837,NOTHING
02:32:48,SP-FUTURE,3097.0,1231,3097.0,1621,NOTHING
02:32:48,SP-FUTURE,3097.0,1126,3097.0,1726,NOTHING
02:32:50,SP-FUTURE,3097.0,982,3097.0,1870,NOTHING
02:32:51,SP-FUTURE,3097.0,1195,3097.0,1657,NOTHING
02:32:52,SP-FUTURE,3097.0,2201,3097.0,651,NOTHING
02:32:53,SP-FUTURE,3098.0,45,3098.0,2807,NOTHING
02:32:54,SP-FUTURE,3097.0,2299,3098.0,553,NOTHING
02:32:55,SP-FUTURE,3097.0,1816,3098.0,1036,NOTHING
02:32:56,SP-FUTURE,3097.0,1819,3098.0,1033,NOTHING
02:32:57,SP-FUTURE,3097.0,1823,3098.0,1029,NOTHING
02:32:58,SP-FUTURE,3097.0,1751,3098.0,1101,NOTHING
02:32:59,SP-FUTURE,3097.0,1722,3098.0,1130,NOTHING
02:33:00,SP-FUTURE,3097.0,2756,3097.0,96,SELL
02:33:01,SP-FUTURE,3097.0,2051,3097.0,801,SELL
02:33:02,SP-FUTURE,3097.0,102,3098.0,2750,SELL
02:33:03,SP-FUTURE,3097.0,1844,3097.0,1008,SELL
02:33:04,SP-FUTURE,3097.0,2266,3098.0,586,SELL
02:33:05,SP-FUTURE,3097.0,2633,3097.0,219,SELL
02:33:07,SP-FUTURE,3098.0,1300,3098.0,1552,SELL
02:33:07,SP-FUTURE,3097.0,2104,3098.0,748,SELL
02:33:07,SP-FUTURE,3097.0,272,3098.0,2580,SELL
02:33:10,SP-FUTURE,3098.0,931,3098.0,1921,SELL
02:33:10,SP-FUTURE,3098.0,408,3098.0,2444,SELL
02:33:11,SP-FUTURE,3098.0,2666,3098.0,186,SELL
02:33:12,SP-FUTURE,3098.0,1225,3098.0,1627,SELL
02:33:13,SP-FUTURE,3098.0,1818,3098.0,1034,SELL
02:33:14,SP-FUTURE,3098.0,489,3098.0,2363,SELL
02:33:15,SP-FUTURE,3098.0,888,3099.0,1964,SELL
02:33:16,SP-FUTURE,3098.0,2774,3099.0,78,SELL
02:33:18,SP-FUTURE,3098.0,2574,3099.0,278,SELL
02:33:19,SP-FUTURE,3098.0,920,3098.0,1932,SELL
02:33:19,SP-FUTURE,3098.0,865,3098.0,1987,SELL
02:33:20,SP-FUTURE,3097.0,1539,3098.0,1313,SELL
02:33:21,SP-FUTURE,3097.0,1567,3098.0,1285,SELL
02:33:21,SP-FUTURE,3097.0,1770,3097.0,1082,SELL
02:33:23,SP-FUTURE,3097.0,1857,3097.0,995,SELL
02:33:23,SP-FUTURE,3097.0,2746,3098.0,106,SELL
02:33:25,SP-FUTURE,3097.0,1496,3098.0,1356,SELL
02:33:26,SP-FUTURE,3097.0,1496,3098.0,1356,SELL
02:33:26,SP-FUTURE,3097.0,1111,3098.0,1741,SELL
02:33:27,SP-FUTURE,3097.0,915,3098.0,1937,SELL
02:33:27,SP-FUTURE,3097.0,1118,3097.0,1734,SELL
02:33:28,SP-FUTURE,3097.0,2415,3097.0,437,SELL
02:33:29,SP-FUTURE,3097.0,2428,3097.0,424,SELL
02:33:29,SP-FUTURE,3097.0,2437,3097.0,415,SELL
02:33:30,SP-FUTURE,3097.0,2001,3097.0,851,SELL
02:33:31,SP-FUTURE,3097.0,1773,3097.0,1079,SELL
02:33:32,SP-FUTURE,3097.0,1397,3097.0,1455,SELL
02:33:32,SP-FUTURE,3097.0,2711,3097.0,141,SELL
02:33:33,SP-FUTURE,3097.0,2542,3097.0,310,SELL
02:33:35,SP-FUTURE,3097.0,13,3097.0,2839,SELL
02:33:36,SP-FUTURE,3097.0,2023,3097.0,829,SELL
02:33:37,SP-FUTURE,3097.0,2008,3097.0,844,SELL
02:33:37,SP-FUTURE,3097.0,2027,3097.0,825,SELL
02:33:37,SP-FUTURE,3097.0,452,3097.0,2400,SELL
02:33:39,SP-FUTURE,3097.0,2447,3097.0,405,SELL
02:33:39,SP-FUTURE,3096.0,70,3096.0,2782,SELL
02:33:41,SP-FUTURE,3096.0,2834,3096.0,18,SELL
02:33:42,SP-FUTURE,3096.0,1646,3096.0,1206,SELL
02:33:43,SP-FUTURE,3096.0,1667,3096.0,1185,SELL
02:33:44,SP-FUTURE,3096.0,1683,3096.0,1169,SELL
02:33:44,SP-FUTURE,3098.0,295,3098.0,2557,SELL
02:33:45,SP-FUTURE,3098.0,286,3098.0,2566,SELL
02:33:46,SP-FUTURE,3098.0,1222,3098.0,1630,SELL
02:33:48,SP-FUTURE,3098.0,1181,3098.0,1671,SELL
02:33:48,SP-FUTURE,3097.0,2749,3098.0,103,SELL
02:33:49,SP-FUTURE,3096.0,2772,3096.0,80,SELL
02:33:49,SP-FUTURE,3096.0,2771,3096.0,81,SELL
02:33:51,SP-FUTURE,3096.0,472,3096.0,2380,SELL
02:33:52,SP-FUTURE,3096.0,1803,3096.0,1049,SELL
02:33:53,SP-FUTURE,3096.0,1211,3096.0,1641,SELL
02:33:54,SP-FUTURE,3096.0,1746,3096.0,1106,SELL
02:33:55,SP-FUTURE,3096.0,1750,3096.0,1102,SELL
02:33:55,SP-FUTURE,3096.0,1752,3096.0,1100,SELL
02:33:56,SP-FUTURE,3095.0,606,3096.0,2246,SELL
02:33:58,SP-FUTURE,3096.0,130,3096.0,2722,SELL
02:33:59,SP-FUTURE,3096.0,132,3096.0,2720,SELL
02:34:00,SP-FUTURE,3096.0,59,3097.0,2793,NOTHING
02:34:01,SP-FUTURE,3096.0,2100,3097.0,752,NOTHING
02:34:01,SP-FUTURE,3096.0,1132,3097.0,1720,NOTHING
02:34:01,SP-FUTURE,3096.0,2392,3097.0,460,NOTHING
02:34:03,SP-FUTURE,3097.0,1714,3097.0,1138,NOTHING
02:34:04,SP-FUTURE,3097.0,2452,3097.0,400,NOTHING
02:34:05,SP-FUTURE,3097.0,2536,3097.0,316,NOTHING
02:34:07,SP-FUTURE,3097.0,733,3097.0,2119,NOTHING
02:34:08,SP-FUTURE,3097.0,1963,3097.0,889,NOTHING
02:34:09,SP-FUTURE,3097.0,111,3097.0,2741,NOTHING
02:34:10,SP-FUTURE,3097.0,2327,3097.0,525,NOTHING
02:34:11,SP-FUTURE,3096.0,1924,3097.0,928,NOTHING
02:34:11,SP-FUTURE,3096.0,1039,3097.0,1813,NOTHING
02:34:12,SP-FUTURE,3096.0,1357,3097.0,1495,NOTHING
02:34:13,SP-FUTURE,3097.0,910,3098.0,1942,NOTHING
02:34:15,SP-FUTURE,3097.0,753,3098.0,2099,NOTHING
02:34:16,SP-FUTURE,3097.0,844,3098.0,2008,NOTHING
02:34:18,SP-FUTURE,3098.0,120,3098.0,2732,NOTHING
02:34:19,SP-FUTURE,3098.0,595,3098.0,2257,NOTHING
02:34:20,SP-FUTURE,3098.0,593,3098.0,2259,NOTHING
02:34:21,SP-FUTURE,3098.0,224,3098.0,2628,NOTHING
02:34:22,SP-FUTURE,3098.0,2713,3098.0,139,NOTHING
02:34:24,SP-FUTURE,3098.0,95,3098.0,2757,NOTHING
02:34:25,SP-FUTURE,3098.0,2707,3098.0,145,NOTHING
02:34:26,SP-FUTURE,3094.0,2469,3095.0,383,NOTHING
02:34:27,SP-FUTURE,3094.0,2136,3095.0,716,NOTHING
02:34:29,SP-FUTURE,3094.0,2769,3095.0,83,NOTHING
02:34:30,SP-FUTURE,3094.0,2775,3095.0,77,NOTHING
02:34:30,SP-FUTURE,3095.0,82,3095.0,2770,NOTHING
02:34:31,SP-FUTURE,3094.0,2721,3095.0,131,NOTHING
02:34:32,SP-FUTURE,3094.0,2776,3095.0,76,NOTHING
02:34:33,SP-FUTURE,3094.0,2535,3095.0,317,NOTHING
02:34:34,SP-FUTURE,3094.0,715,3094.0,2137,NOTHING
02:34:34,SP-FUTURE,3094.0,1762,3094.0,1090,NOTHING
02:34:36,SP-FUTURE,3093.0,2748,3094.0,104,NOTHING
02:34:37,SP-FUTURE,3093.0,2747,3094.0,105,NOTHING
02:34:38,SP-FUTURE,3094.0,666,3094.0,2186,NOTHING
02:34:40,SP-FUTURE,3094.0,686,3094.0,2166,NOTHING
02:34:41,SP-FUTURE,3094.0,1221,3094.0,1631,NOTHING
02:34:42,SP-FUTURE,3094.0,1218,3094.0,1634,NOTHING
02:34:44,SP-FUTURE,3095.0,2208,3095.0,644,NOTHING
02:34:45,SP-FUTURE,3095.0,492,3095.0,2360,NOTHING
02:34:47,SP-FUTURE,3095.0,1810,3095.0,1042,NOTHING
02:34:48,SP-FUTURE,3095.0,2760,3095.0,92,NOTHING
02:34:49,SP-FUTURE,3095.0,1296,3096.0,1556,NOTHING
02:34:50,SP-FUTURE,3094.0,2246,3095.0,606,NOTHING
02:34:51,SP-FUTURE,3095.0,1002,3095.0,1850,NOTHING
02:34:53,SP-FUTURE,3095.0,1001,3095.0,1851,NOTHING
02:34:54,SP-FUTURE,3095.0,1624,3095.0,1228,NOTHING
02:34:56,SP-FUTURE,3095.0,1223,3095.0,1629,NOTHING
02:34:57,SP-FUTURE,3095.0,759,3095.0,2093,NOTHING
02:34:58,SP-FUTURE,3097.0,2200,3098.0,652,NOTHING
02:35:00,SP-FUTURE,3094.0,2082,3094.0,770,NOTHING
02:35:01,SP-FUTURE,3094.0,2100,3094.0,752,NOTHING
02:35:03,SP-FUTURE,3094.0,1712,3095.0,1140,NOTHING
02:35:04,SP-FUTURE,3094.0,1776,3095.0,1076,NOTHING
02:35:05,SP-FUTURE,3094.0,2441,3095.0,411,NOTHING
02:35:06,SP-FUTURE,3094.0,2142,3095.0,710,NOTHING
02:35:07,SP-FUTURE,3093.0,660,3093.0,2192,NOTHING
02:35:07,SP-FUTURE,3093.0,1996,3094.0,856,NOTHING
02:35:08,SP-FUTURE,3093.0,1556,3094.0,1296,NOTHING
02:35:10,SP-FUTURE,3093.0,814,3093.0,2038,NOTHING
02:35:11,SP-FUTURE,3093.0,359,3093.0,2493,NOTHING
02:35:13,SP-FUTURE,3093.0,2298,3093.0,554,NOTHING
02:35:14,SP-FUTURE,3093.0,2618,3093.0,234,NOTHING
02:35:16,SP-FUTURE,3093.0,1395,3093.0,1457,NOTHING
02:35:17,SP-FUTURE,3093.0,1691,3093.0,1161,NOTHING
02:35:19,SP-FUTURE,3093.0,48,3093.0,2804,NOTHING
02:35:20,SP-FUTURE,3093.0,18,3093.0,2834,NOTHING
02:35:20,SP-FUTURE,3093.0,625,3093.0,2227,NOTHING
02:35:21,SP-FUTURE,3093.0,2631,3093.0,221,NOTHING
02:35:22,SP-FUTURE,3093.0,2710,3093.0,142,NOTHING
02:35:23,SP-FUTURE,3093.0,2731,3093.0,121,NOTHING
02:35:25,SP-FUTURE,3093.0,2545,3093.0,307,NOTHING
02:35:26,SP-FUTURE,3093.0,2675,3093.0,177,NOTHING
02:35:27,SP-FUTURE,3093.0,1711,3093.0,1141,NOTHING
02:35:28,SP-FUTURE,3093.0,1431,3093.0,1421,NOTHING
02:35:29,SP-FUTURE,3093.0,2371,3093.0,481,NOTHING
02:35:29,SP-FUTURE,3093.0,2449,3093.0,403,NOTHING
02:35:29,SP-FUTURE,3093.0,2615,3093.0,237,NOTHING
02:35:30,SP-FUTURE,3093.0,1494,3093.0,1358,NOTHING
02:35:31,SP-FUTURE,3091.0,1684,3091.0,1168,NOTHING
02:35:33,SP-FUTURE,3091.0,380,3091.0,2472,NOTHING
02:35:33,SP-FUTURE,3091.0,2836,3091.0,16,NOTHING
02:35:34,SP-FUTURE,3091.0,2555,3091.0,297,NOTHING
02:35:35,SP-FUTURE,3091.0,2842,3091.0,10,NOTHING
02:35:36,SP-FUTURE,3091.0,1225,3091.0,1627,NOTHING
02:35:37,SP-FUTURE,3091.0,1698,3091.0,1154,NOTHING
02:35:38,SP-FUTURE,3091.0,2426,3091.0,426,NOTHING
02:35:38,SP-FUTURE,3091.0,2241,3091.0,611,NOTHING
02:35:39,SP-FUTURE,3091.0,1391,3091.0,1461,NOTHING
02:35:40,SP-FUTURE,3091.0,717,3091.0,2135,NOTHING
02:35:41,SP-FUTURE,3088.0,1354,3088.0,1498,NOTHING
02:35:41,SP-FUTURE,3088.0,2706,3088.0,146,NOTHING
02:35:42,SP-FUTURE,3088.0,1741,3088.0,1111,NOTHING
02:35:43,SP-FUTURE,3088.0,2735,3088.0,117,NOTHING
02:35:44,SP-FUTURE,3088.0,1678,3088.0,1174,NOTHING
02:35:45,SP-FUTURE,3088.0,1854,3088.0,998,NOTHING
02:35:45,SP-FUTURE,3088.0,21,3088.0,2831,NOTHING
02:35:47,SP-FUTURE,3088.0,1655,3088.0,1197,NOTHING
02:35:48,SP-FUTURE,3088.0,1744,3088.0,1108,NOTHING
02:35:49,SP-FUTURE,3088.0,1674,3088.0,1178,NOTHING
02:35:50,SP-FUTURE,3088.0,1772,3088.0,1080,NOTHING
02:35:51,SP-FUTURE,3089.0,629,3089.0,2223,NOTHING
02:35:52,SP-FUTURE,3089.0,141,3089.0,2711,NOTHING
02:35:53,SP-FUTURE,3089.0,2558,3089.0,294,NOTHING
02:35:54,SP-FUTURE,3089.0,1974,3089.0,878,NOTHING
02:35:55,SP-FUTURE,3089.0,100,3089.0,2752,NOTHING
02:35:56,SP-FUTURE,3089.0,2298,3089.0,554,NOTHING
02:35:57,SP-FUTURE,3089.0,466,3089.0,2386,NOTHING
02:35:58,SP-FUTURE,3089.0,676,3089.0,2176,NOTHING
02:35:59,SP-FUTURE,3089.0,187,3089.0,2665,NOTHING
02:36:00,SP-FUTURE,3089.0,610,3089.0,2242,NOTHING
02:36:01,SP-FUTURE,3088.0,1945,3089.0,907,NOTHING
02:36:02,SP-FUTURE,3088.0,1092,3088.0,1760,NOTHING
02:36:03,SP-FUTURE,3088.0,1100,3088.0,1752,NOTHING
02:36:04,SP-FUTURE,3088.0,1661,3088.0,1191,NOTHING
02:36:05,SP-FUTURE,3087.0,1000,3088.0,1852,NOTHING
02:36:06,SP-FUTURE,3087.0,1175,3087.0,1677,NOTHING
02:36:07,SP-FUTURE,3087.0,1217,3087.0,1635,NOTHING
02:36:08,SP-FUTURE,3086.0,1710,3086.0,1142,NOTHING
02:36:09,SP-FUTURE,3086.0,282,3086.0,2570,NOTHING
02:36:10,SP-FUTURE,3086.0,818,3086.0,2034,NOTHING
02:36:11,SP-FUTURE,3086.0,683,3086.0,2169,NOTHING
02:36:12,SP-FUTURE,3085.0,1825,3086.0,1027,NOTHING
02:36:13,SP-FUTURE,3085.0,659,3085.0,2193,NOTHING
02:36:14,SP-FUTURE,3085.0,2836,3085.0,16,NOTHING
02:36:15,SP-FUTURE,3085.0,2695,3085.0,157,NOTHING
02:36:16,SP-FUTURE,3085.0,1398,3085.0,1454,NOTHING
02:36:17,SP-FUTURE,3088.0,2187,3088.0,665,NOTHING
02:36:18,SP-FUTURE,3088.0,1488,3088.0,1364,NOTHING
02:36:19,SP-FUTURE,3088.0,2277,3088.0,575,NOTHING
02:36:21,SP-FUTURE,3087.0,558,3088.0,2294,NOTHING
02:36:21,SP-FUTURE,3087.0,2039,3087.0,813,NOTHING
02:36:23,SP-FUTURE,3087.0,1106,3088.0,1746,NOTHING
02:36:24,SP-FUTURE,3087.0,1124,3087.0,1728,NOTHING
02:36:26,SP-FUTURE,3087.0,1125,3087.0,1727,NOTHING
02:36:26,SP-FUTURE,3087.0,344,3087.0,2508,NOTHING
02:36:28,SP-FUTURE,3083.0,1071,3083.0,1781,NOTHING
02:36:29,SP-FUTURE,3083.0,1250,3083.0,1602,NOTHING
02:36:30,SP-FUTURE,3083.0,1485,3083.0,1367,NOTHING
02:36:31,SP-FUTURE,3083.0,1671,3083.0,1181,NOTHING
02:36:31,SP-FUTURE,3083.0,2641,3083.0,211,NOTHING
02:36:31,SP-FUTURE,3083.0,2818,3083.0,34,NOTHING
02:36:33,SP-FUTURE,3083.0,529,3083.0,2323,NOTHING
02:36:33,SP-FUTURE,3081.0,100,3081.0,2752,NOTHING
02:36:35,SP-FUTURE,3081.0,2607,3081.0,245,NOTHING
02:36:35,SP-FUTURE,3081.0,772,3081.0,2080,NOTHING
02:36:36,SP-FUTURE,3080.0,1398,3081.0,1454,NOTHING
02:36:37,SP-FUTURE,3080.0,2052,3081.0,800,NOTHING
02:36:37,SP-FUTURE,3080.0,2010,3081.0,842,NOTHING
02:36:38,SP-FUTURE,3081.0,1948,3081.0,904,NOTHING
02:36:40,SP-FUTURE,3081.0,1943,3081.0,909,NOTHING
02:36:41,SP-FUTURE,3081.0,1943,3081.0,909,NOTHING
02:36:41,SP-FUTURE,3079.0,2068,3079.0,784,NOTHING
02:36:42,SP-FUTURE,3079.0,2796,3079.0,56,NOTHING
02:36:44,SP-FUTURE,3079.0,2544,3079.0,308,NOTHING
02:36:46,SP-FUTURE,3079.0,1218,3080.0,1634,NOTHING
02:36:47,SP-FUTURE,3079.0,1266,3080.0,1586,NOTHING
02:36:48,SP-FUTURE,3080.0,2554,3080.0,298,NOTHING
02:36:49,SP-FUTURE,3080.0,2699,3080.0,153,NOTHING
02:36:51,SP-FUTURE,3080.0,2409,3080.0,443,NOTHING
02:36:51,SP-FUTURE,3080.0,544,3080.0,2308,NOTHING
02:36:52,SP-FUTURE,3080.0,492,3080.0,2360,NOTHING
02:36:53,SP-FUTURE,3080.0,1545,3080.0,1307,NOTHING
02:36:54,SP-FUTURE,3080.0,1517,3080.0,1335,NOTHING
02:36:55,SP-FUTURE,3081.0,1337,3081.0,1515,NOTHING
02:36:56,SP-FUTURE,3081.0,1346,3081.0,1506,NOTHING
02:36:57,SP-FUTURE,3081.0,1347,3081.0,1505,NOTHING
02:36:58,SP-FUTURE,3081.0,1390,3081.0,1462,NOTHING
02:36:58,SP-FUTURE,3081.0,46,3081.0,2806,NOTHING
02:37:00,SP-FUTURE,3081.0,15,3081.0,2837,NOTHING
02:37:01,SP-FUTURE,3081.0,2264,3081.0,588,NOTHING
02:37:01,SP-FUTURE,3081.0,1060,3081.0,1792,NOTHING
02:37:02,SP-FUTURE,3081.0,636,3081.0,2216,NOTHING
02:37:04,SP-FUTURE,3081.0,759,3081.0,2093,NOTHING
02:37:05,SP-FUTURE,3081.0,1743,3081.0,1109,NOTHING
02:37:07,SP-FUTURE,3081.0,2102,3081.0,750,NOTHING
02:37:07,SP-FUTURE,3079.0,1063,3080.0,1789,NOTHING
02:37:08,SP-FUTURE,3079.0,1165,3080.0,1687,NOTHING
02:37:10,SP-FUTURE,3079.0,1326,3080.0,1526,NOTHING
02:37:11,SP-FUTURE,3078.0,2653,3078.0,199,NOTHING
02:37:12,SP-FUTURE,3077.0,2745,3077.0,107,NOTHING
02:37:13,SP-FUTURE,3077.0,1495,3077.0,1357,NOTHING
02:37:14,SP-FUTURE,3076.0,934,3076.0,1918,NOTHING
02:37:16,SP-FUTURE,3076.0,629,3076.0,2223,NOTHING
02:37:16,SP-FUTURE,3076.0,403,3076.0,2449,NOTHING
02:37:16,SP-FUTURE,3075.0,2097,3076.0,755,NOTHING
02:37:17,SP-FUTURE,3075.0,2012,3076.0,840,NOTHING
02:37:18,SP-FUTURE,3075.0,2009,3076.0,843,NOTHING
02:37:19,SP-FUTURE,3075.0,2022,3076.0,830,NOTHING
02:37:19,SP-FUTURE,3075.0,1186,3076.0,1666,NOTHING
02:37:20,SP-FUTURE,3076.0,558,3076.0,2294,NOTHING
02:37:21,SP-FUTURE,3076.0,579,3076.0,2273,NOTHING
02:37:22,SP-FUTURE,3076.0,230,3076.0,2622,NOTHING
02:37:23,SP-FUTURE,3076.0,2262,3076.0,590,NOTHING
02:37:23,SP-FUTURE,3076.0,1079,3076.0,1773,NOTHING
02:37:24,SP-FUTURE,3076.0,1297,3076.0,1555,NOTHING
02:37:26,SP-FUTURE,3076.0,1968,3077.0,884,NOTHING
02:37:26,SP-FUTURE,3077.0,174,3077.0,2678,NOTHING
02:37:27,SP-FUTURE,3077.0,190,3077.0,2662,NOTHING
02:37:28,SP-FUTURE,3077.0,1711,3077.0,1141,NOTHING
02:37:29,SP-FUTURE,3076.0,1749,3076.0,1103,NOTHING
02:37:29,SP-FUTURE,3075.0,2838,3075.0,14,NOTHING
02:37:31,SP-FUTURE,3075.0,1380,3075.0,1472,NOTHING
02:37:32,SP-FUTURE,3074.0,115,3074.0,2737,NOTHING
02:37:33,SP-FUTURE,3074.0,1448,3074.0,1404,NOTHING
02:37:35,SP-FUTURE,3074.0,1446,3074.0,1406,NOTHING
02:37:35,SP-FUTURE,3074.0,2836,3074.0,16,NOTHING
02:37:36,SP-FUTURE,3074.0,1497,3074.0,1355,NOTHING
02:37:38,SP-FUTURE,3074.0,1770,3074.0,1082,NOTHING
02:37:39,SP-FUTURE,3074.0,1748,3074.0,1104,NOTHING
02:37:40,SP-FUTURE,3074.0,101,3075.0,2751,NOTHING
02:37:41,SP-FUTURE,3074.0,2283,3075.0,569,NOTHING
02:37:42,SP-FUTURE,3075.0,78,3075.0,2774,NOTHING
02:37:43,SP-FUTURE,3075.0,107,3075.0,2745,NOTHING
02:37:44,SP-FUTURE,3075.0,6,3075.0,2846,NOTHING
02:37:45,SP-FUTURE,3075.0,2262,3075.0,590,NOTHING
02:37:47,SP-FUTURE,3075.0,2600,3075.0,252,NOTHING
02:37:47,SP-FUTURE,3075.0,174,3075.0,2678,NOTHING
02:37:48,SP-FUTURE,3075.0,1898,3075.0,954,NOTHING
02:37:50,SP-FUTURE,3075.0,1955,3075.0,897,NOTHING
02:37:52,SP-FUTURE,3075.0,2634,3075.0,218,NOTHING
02:37:53,SP-FUTURE,3075.0,594,3075.0,2258,NOTHING
02:37:54,SP-FUTURE,3075.0,599,3075.0,2253,NOTHING
02:37:56,SP-FUTURE,3075.0,178,3075.0,2674,NOTHING
02:37:56,SP-FUTURE,3075.0,2810,3075.0,42,NOTHING
02:37:57,SP-FUTURE,3075.0,2712,3075.0,140,NOTHING
02:37:58,SP-FUTURE,3075.0,2517,3075.0,335,NOTHING
02:37:59,SP-FUTURE,3074.0,1819,3075.0,1033,NOTHING
02:38:00,SP-FUTURE,3076.0,2192,3077.0,660,NOTHING
02:38:01,SP-FUTURE,3076.0,2300,3076.0,552,NOTHING
02:38:02,SP-FUTURE,3076.0,2273,3076.0,579,NOTHING
02:38:03,SP-FUTURE,3076.0,2324,3076.0,528,NOTHING
02:38:04,SP-FUTURE,3076.0,2079,3076.0,773,NOTHING
02:38:05,SP-FUTURE,3076.0,2196,3076.0,656,NOTHING
02:38:06,SP-FUTURE,3076.0,2197,3076.0,655,NOTHING
02:38:06,SP-FUTURE,3076.0,2299,3076.0,553,NOTHING
02:38:07,SP-FUTURE,3076.0,2392,3076.0,460,NOTHING
02:38:09,SP-FUTURE,3076.0,165,3076.0,2687,NOTHING
02:38:11,SP-FUTURE,3076.0,191,3076.0,2661,NOTHING
02:38:12,SP-FUTURE,3076.0,418,3076.0,2434,NOTHING
02:38:13,SP-FUTURE,3076.0,706,3077.0,2146,NOTHING
02:38:15,SP-FUTURE,3076.0,374,3077.0,2478,NOTHING
02:38:16,SP-FUTURE,3076.0,1265,3077.0,1587,NOTHING
02:38:17,SP-FUTURE,3076.0,1453,3077.0,1399,NOTHING
02:38:18,SP-FUTURE,3076.0,2371,3077.0,481,NOTHING
02:38:19,SP-FUTURE,3076.0,2437,3077.0,415,NOTHING
02:38:20,SP-FUTURE,3076.0,453,3077.0,2399,NOTHING
02:38:21,SP-FUTURE,3076.0,337,3077.0,2515,NOTHING
02:38:22,SP-FUTURE,3076.0,321,3077.0,2531,NOTHING
02:38:24,SP-FUTURE,3076.0,285,3077.0,2567,NOTHING
02:38:25,SP-FUTURE,3076.0,669,3077.0,2183,NOTHING
02:38:26,SP-FUTURE,3076.0,2657,3077.0,195,NOTHING
02:38:27,SP-FUTURE,3077.0,211,3077.0,2641,NOTHING
02:38:28,SP-FUTURE,3077.0,1572,3077.0,1280,NOTHING
02:38:29,SP-FUTURE,3075.0,483,3075.0,2369,NOTHING
02:38:30,SP-FUTURE,3075.0,450,3075.0,2402,NOTHING
02:38:31,SP-FUTURE,3075.0,2789,3075.0,63,NOTHING
02:38:32,SP-FUTURE,3075.0,662,3076.0,2190,NOTHING
02:38:32,SP-FUTURE,3075.0,851,3076.0,2001,NOTHING
02:38:33,SP-FUTURE,3075.0,2740,3075.0,112,NOTHING
02:38:34,SP-FUTURE,3075.0,515,3076.0,2337,NOTHING
02:38:35,SP-FUTURE,3075.0,1384,3076.0,1468,NOTHING
02:38:37,SP-FUTURE,3075.0,1477,3076.0,1375,NOTHING
02:38:38,SP-FUTURE,3076.0,1248,3076.0,1604,NOTHING
02:38:39,SP-FUTURE,3076.0,587,3076.0,2265,NOTHING
02:38:41,SP-FUTURE,3076.0,555,3076.0,2297,NOTHING
02:38:42,SP-FUTURE,3075.0,2538,3076.0,314,NOTHING
02:38:43,SP-FUTURE,3075.0,2765,3076.0,87,NOTHING
02:38:43,SP-FUTURE,3074.0,2437,3074.0,415,NOTHING
02:38:44,SP-FUTURE,3074.0,1841,3074.0,1011,NOTHING
02:38:45,SP-FUTURE,3074.0,2314,3074.0,538,NOTHING
02:38:47,SP-FUTURE,3074.0,2846,3074.0,6,NOTHING
02:38:48,SP-FUTURE,3074.0,1286,3074.0,1566,NOTHING
02:38:50,SP-FUTURE,3074.0,2788,3074.0,64,NOTHING
02:38:51,SP-FUTURE,3074.0,2277,3074.0,575,NOTHING
02:38:53,SP-FUTURE,3074.0,2228,3074.0,624,NOTHING
02:38:54,SP-FUTURE,3074.0,974,3074.0,1878,NOTHING
02:38:55,SP-FUTURE,3074.0,2451,3074.0,401,NOTHING
02:38:57,SP-FUTURE,3074.0,2647,3074.0,205,NOTHING
02:38:58,SP-FUTURE,3074.0,1277,3074.0,1575,NOTHING
02:38:59,SP-FUTURE,3074.0,452,3074.0,2400,NOTHING
02:39:00,SP-FUTURE,3074.0,1044,3074.0,1808,NOTHING
02:39:02,SP-FUTURE,3074.0,1274,3074.0,1578,NOTHING
02:39:03,SP-FUTURE,3074.0,1560,3074.0,1292,NOTHING
02:39:04,SP-FUTURE,3074.0,1682,3074.0,1170,NOTHING
02:39:05,SP-FUTURE,3074.0,1979,3074.0,873,NOTHING
02:39:06,SP-FUTURE,3074.0,1973,3074.0,879,NOTHING
02:39:07,SP-FUTURE,3078.0,1504,3078.0,1348,NOTHING
02:39:09,SP-FUTURE,3078.0,1328,3078.0,1524,NOTHING
02:39:09,SP-FUTURE,3078.0,2700,3078.0,152,NOTHING
02:39:10,SP-FUTURE,3078.0,2717,3078.0,135,NOTHING
02:39:11,SP-FUTURE,3079.0,770,3079.0,2082,NOTHING
02:39:12,SP-FUTURE,3078.0,576,3078.0,2276,NOTHING
02:39:13,SP-FUTURE,3078.0,816,3078.0,2036,NOTHING
02:39:14,SP-FUTURE,3078.0,877,3078.0,1975,NOTHING
02:39:16,SP-FUTURE,3078.0,241,3078.0,2611,NOTHING
02:39:17,SP-FUTURE,3078.0,2148,3079.0,704,NOTHING
02:39:18,SP-FUTURE,3079.0,1465,3079.0,1387,NOTHING
02:39:19,SP-FUTURE,3079.0,400,3079.0,2452,NOTHING
02:39:20,SP-FUTURE,3079.0,2,3079.0,2850,NOTHING
02:39:21,SP-FUTURE,3078.0,2840,3079.0,12,NOTHING
02:39:22,SP-FUTURE,3078.0,2667,3079.0,185,NOTHING
02:39:24,SP-FUTURE,3078.0,2608,3079.0,244,NOTHING
02:39:26,SP-FUTURE,3078.0,1242,3079.0,1610,NOTHING
02:39:27,SP-FUTURE,3078.0,2025,3078.0,827,NOTHING
02:39:28,SP-FUTURE,3078.0,49,3078.0,2803,NOTHING
02:39:30,SP-FUTURE,3078.0,326,3078.0,2526,NOTHING
02:39:30,SP-FUTURE,3078.0,2,3078.0,2850,NOTHING
02:39:32,SP-FUTURE,3077.0,2675,3078.0,177,NOTHING
02:39:32,SP-FUTURE,3078.0,1889,3078.0,963,NOTHING
02:39:33,SP-FUTURE,3078.0,1443,3079.0,1409,NOTHING
02:39:34,SP-FUTURE,3078.0,1455,3079.0,1397,NOTHING
02:39:36,SP-FUTURE,3078.0,2696,3079.0,156,NOTHING
02:39:37,SP-FUTURE,3078.0,2183,3078.0,669,NOTHING
02:39:38,SP-FUTURE,3079.0,181,3079.0,2671,NOTHING
02:39:39,SP-FUTURE,3078.0,220,3078.0,2632,NOTHING
02:39:40,SP-FUTURE,3078.0,2722,3078.0,130,NOTHING
02:39:41,SP-FUTURE,3078.0,2497,3078.0,355,NOTHING
02:39:43,SP-FUTURE,3077.0,1826,3078.0,1026,NOTHING
02:39:44,SP-FUTURE,3077.0,1309,3078.0,1543,NOTHING
02:39:45,SP-FUTURE,3077.0,1435,3078.0,1417,NOTHING
02:39:47,SP-FUTURE,3078.0,592,3078.0,2260,NOTHING
02:39:48,SP-FUTURE,3078.0,1407,3078.0,1445,NOTHING
02:39:48,SP-FUTURE,3078.0,1143,3078.0,1709,NOTHING
02:39:50,SP-FUTURE,3078.0,943,3078.0,1909,NOTHING
02:39:51,SP-FUTURE,3077.0,1270,3077.0,1582,NOTHING
02:39:53,SP-FUTURE,3077.0,1221,3077.0,1631,NOTHING
02:39:54,SP-FUTURE,3077.0,1140,3077.0,1712,NOTHING
02:39:55,SP-FUTURE,3077.0,1674,3077.0,1178,NOTHING
02:39:56,SP-FUTURE,3077.0,2103,3077.0,749,NOTHING
02:39:58,SP-FUTURE,3077.0,1385,3078.0,1467,NOTHING
02:40:00,SP-FUTURE,3077.0,275,3077.0,2577,NOTHING
02:40:01,SP-FUTURE,3076.0,526,3077.0,2326,NOTHING
02:40:02,SP-FUTURE,3076.0,2808,3076.0,44,NOTHING
02:40:04,SP-FUTURE,3076.0,2833,3076.0,19,NOTHING
02:40:06,SP-FUTURE,3076.0,98,3076.0,2754,NOTHING
02:40:07,SP-FUTURE,3076.0,2599,3076.0,253,NOTHING
02:40:08,SP-FUTURE,3076.0,2364,3076.0,488,NOTHING
02:40:11,SP-FUTURE,3076.0,1201,3076.0,1651,NOTHING
02:40:12,SP-FUTURE,3076.0,1258,3076.0,1594,NOTHING
02:40:13,SP-FUTURE,3076.0,714,3076.0,2138,NOTHING
02:40:14,SP-FUTURE,3076.0,2493,3076.0,359,NOTHING
02:40:15,SP-FUTURE,3076.0,1045,3076.0,1807,NOTHING
02:40:16,SP-FUTURE,3076.0,387,3076.0,2465,NOTHING
02:40:17,SP-FUTURE,3076.0,1040,3077.0,1812,NOTHING
02:40:17,SP-FUTURE,3076.0,65,3077.0,2787,NOTHING
02:40:19,SP-FUTURE,3076.0,44,3077.0,2808,NOTHING
02:40:21,SP-FUTURE,3076.0,2421,3076.0,431,NOTHING
02:40:22,SP-FUTURE,3076.0,1951,3076.0,901,NOTHING
02:40:23,SP-FUTURE,3076.0,1951,3076.0,901,NOTHING
02:40:24,SP-FUTURE,3076.0,2687,3076.0,165,NOTHING
02:40:25,SP-FUTURE,3075.0,877,3075.0,1975,NOTHING
02:40:26,SP-FUTURE,3074.0,1613,3075.0,1239,NOTHING
02:40:26,SP-FUTURE,3075.0,327,3075.0,2525,NOTHING
02:40:28,SP-FUTURE,3075.0,694,3075.0,2158,NOTHING
02:40:29,SP-FUTURE,3075.0,344,3076.0,2508,NOTHING
02:40:31,SP-FUTURE,3076.0,1992,3076.0,860,NOTHING
02:40:32,SP-FUTURE,3076.0,2798,3077.0,54,NOTHING
02:40:34,SP-FUTURE,3078.0,1067,3078.0,1785,NOTHING
02:40:34,SP-FUTURE,3078.0,1275,3079.0,1577,NOTHING
02:40:35,SP-FUTURE,3079.0,57,3079.0,2795,NOTHING
02:40:36,SP-FUTURE,3078.0,371,3079.0,2481,NOTHING
02:40:37,SP-FUTURE,3078.0,1223,3079.0,1629,NOTHING
02:40:37,SP-FUTURE,3079.0,1285,3079.0,1567,NOTHING
02:40:39,SP-FUTURE,3079.0,740,3079.0,2112,NOTHING
02:40:40,SP-FUTURE,3078.0,2373,3079.0,479,NOTHING
02:40:41,SP-FUTURE,3078.0,2390,3079.0,462,NOTHING
02:40:41,SP-FUTURE,3079.0,2633,3079.0,219,NOTHING
02:40:42,SP-FUTURE,3079.0,2714,3079.0,138,NOTHING
02:40:44,SP-FUTURE,3079.0,411,3079.0,2441,NOTHING
02:40:45,SP-FUTURE,3079.0,214,3079.0,2638,NOTHING
02:40:47,SP-FUTURE,3079.0,201,3079.0,2651,NOTHING
02:40:48,SP-FUTURE,3079.0,1401,3079.0,1451,NOTHING
02:40:48,SP-FUTURE,3079.0,1450,3079.0,1402,NOTHING
02:40:49,SP-FUTURE,3079.0,1312,3079.0,1540,NOTHING
02:40:51,SP-FUTURE,3079.0,18,3079.0,2834,NOTHING
02:40:52,SP-FUTURE,3079.0,2532,3079.0,320,NOTHING
02:40:53,SP-FUTURE,3079.0,2066,3079.0,786,NOTHING
02:40:54,SP-FUTURE,3079.0,339,3079.0,2513,NOTHING
02:40:55,SP-FUTURE,3079.0,2824,3079.0,28,NOTHING
02:40:57,SP-FUTURE,3079.0,220,3079.0,2632,NOTHING
02:40:57,SP-FUTURE,3079.0,2840,3079.0,12,NOTHING
02:40:58,SP-FUTURE,3079.0,1801,3079.0,1051,NOTHING
02:40:59,SP-FUTURE,3079.0,2689,3079.0,163,NOTHING
02:41:01,SP-FUTURE,3079.0,2195,3079.0,657,NOTHING
02:41:02,SP-FUTURE,3079.0,360,3079.0,2492,NOTHING
02:41:02,SP-FUTURE,3078.0,329,3079.0,2523,NOTHING
02:41:04,SP-FUTURE,3078.0,2824,3078.0,28,NOTHING
02:41:05,SP-FUTURE,3078.0,2824,3078.0,28,NOTHING
02:41:05,SP-FUTURE,3078.0,12,3079.0,2840,NOTHING
02:41:07,SP-FUTURE,3078.0,2850,3078.0,2,NOTHING
02:41:07,SP-FUTURE,3078.0,26,3079.0,2826,NOTHING
02:41:08,SP-FUTURE,3078.0,191,3079.0,2661,NOTHING
02:41:10,SP-FUTURE,3077.0,1764,3078.0,1088,NOTHING
02:41:11,SP-FUTURE,3078.0,156,3078.0,2696,NOTHING
02:41:13,SP-FUTURE,3078.0,1030,3078.0,1822,NOTHING
02:41:14,SP-FUTURE,3078.0,1250,3078.0,1602,NOTHING
02:41:15,SP-FUTURE,3078.0,2447,3079.0,405,NOTHING
02:41:17,SP-FUTURE,3079.0,22,3079.0,2830,NOTHING
02:41:18,SP-FUTURE,3078.0,2113,3079.0,739,NOTHING
02:41:18,SP-FUTURE,3078.0,1014,3079.0,1838,NOTHING
02:41:19,SP-FUTURE,3078.0,1097,3079.0,1755,NOTHING
02:41:22,SP-FUTURE,3078.0,1281,3079.0,1571,NOTHING
02:41:23,SP-FUTURE,3078.0,864,3078.0,1988,NOTHING
02:41:25,SP-FUTURE,3078.0,461,3079.0,2391,NOTHING
02:41:26,SP-FUTURE,3079.0,1607,3079.0,1245,NOTHING
02:41:27,SP-FUTURE,3079.0,1590,3079.0,1262,NOTHING
02:41:29,SP-FUTURE,3079.0,2617,3079.0,235,NOTHING
02:41:29,SP-FUTURE,3079.0,2215,3079.0,637,NOTHING
02:41:30,SP-FUTURE,3079.0,2501,3079.0,351,NOTHING
02:41:31,SP-FUTURE,3079.0,1249,3079.0,1603,NOTHING
02:41:31,SP-FUTURE,3079.0,1253,3079.0,1599,NOTHING
02:41:32,SP-FUTURE,3079.0,1364,3079.0,1488,NOTHING
02:41:32,SP-FUTURE,3079.0,1481,3079.0,1371,NOTHING
02:41:32,SP-FUTURE,3079.0,764,3079.0,2088,NOTHING
02:41:34,SP-FUTURE,3077.0,200,3077.0,2652,NOTHING
02:41:35,SP-FUTURE,3077.0,970,3077.0,1882,NOTHING
02:41:35,SP-FUTURE,3077.0,972,3077.0,1880,NOTHING
02:41:36,SP-FUTURE,3077.0,809,3077.0,2043,NOTHING
02:41:37,SP-FUTURE,3077.0,1466,3077.0,1386,NOTHING
02:41:38,SP-FUTURE,3077.0,1205,3077.0,1647,NOTHING
02:41:40,SP-FUTURE,3078.0,144,3078.0,2708,NOTHING
02:41:41,SP-FUTURE,3078.0,194,3078.0,2658,NOTHING
02:41:43,SP-FUTURE,3078.0,131,3078.0,2721,NOTHING
02:41:44,SP-FUTURE,3078.0,1933,3078.0,919,NOTHING
02:41:45,SP-FUTURE,3078.0,1932,3078.0,920,NOTHING
02:41:46,SP-FUTURE,3078.0,1950,3078.0,902,NOTHING
02:41:46,SP-FUTURE,3077.0,2838,3078.0,14,NOTHING
02:41:48,SP-FUTURE,3078.0,1840,3078.0,1012,NOTHING
02:41:49,SP-FUTURE,3078.0,1849,3078.0,1003,NOTHING
02:41:50,SP-FUTURE,3078.0,1820,3078.0,1032,NOTHING
02:41:52,SP-FUTURE,3078.0,1938,3078.0,914,NOTHING
02:41:53,SP-FUTURE,3077.0,642,3077.0,2210,NOTHING
02:41:54,SP-FUTURE,3077.0,347,3077.0,2505,NOTHING
02:41:55,SP-FUTURE,3076.0,2408,3077.0,444,NOTHING
02:41:56,SP-FUTURE,3077.0,2756,3077.0,96,NOTHING
02:41:57,SP-FUTURE,3077.0,2559,3077.0,293,NOTHING
02:41:58,SP-FUTURE,3077.0,958,3077.0,1894,NOTHING
02:41:59,SP-FUTURE,3077.0,990,3077.0,1862,NOTHING
02:42:00,SP-FUTURE,3077.0,387,3077.0,2465,NOTHING
02:42:00,SP-FUTURE,3076.0,919,3077.0,1933,NOTHING
02:42:02,SP-FUTURE,3076.0,799,3077.0,2053,NOTHING
02:42:02,SP-FUTURE,3076.0,1561,3077.0,1291,NOTHING
02:42:04,SP-FUTURE,3076.0,1126,3077.0,1726,NOTHING
02:42:05,SP-FUTURE,3077.0,449,3077.0,2403,NOTHING
02:42:07,SP-FUTURE,3077.0,2464,3077.0,388,NOTHING
02:42:08,SP-FUTURE,3077.0,510,3077.0,2342,NOTHING
02:42:09,SP-FUTURE,3078.0,358,3078.0,2494,NOTHING
02:42:10,SP-FUTURE,3078.0,349,3078.0,2503,NOTHING
02:42:11,SP-FUTURE,3078.0,307,3078.0,2545,NOTHING
02:42:13,SP-FUTURE,3078.0,1474,3079.0,1378,NOTHING
02:42:14,SP-FUTURE,3078.0,643,3079.0,2209,NOTHING
02:42:15,SP-FUTURE,3078.0,2416,3078.0,436,NOTHING
02:42:16,SP-FUTURE,3078.0,570,3078.0,2282,NOTHING
02:42:17,SP-FUTURE,3078.0,457,3078.0,2395,NOTHING
02:42:17,SP-FUTURE,3078.0,1803,3078.0,1049,NOTHING
02:42:19,SP-FUTURE,3078.0,1630,3078.0,1222,NOTHING
02:42:20,SP-FUTURE,3078.0,1438,3078.0,1414,NOTHING
02:42:22,SP-FUTURE,3078.0,2204,3078.0,648,NOTHING
02:42:23,SP-FUTURE,3078.0,2089,3078.0,763,NOTHING
02:42:24,SP-FUTURE,3078.0,2101,3078.0,751,NOTHING
02:42:25,SP-FUTURE,3078.0,2412,3078.0,440,NOTHING
02:42:26,SP-FUTURE,3078.0,1733,3078.0,1119,NOTHING
02:42:27,SP-FUTURE,3078.0,1430,3078.0,1422,NOTHING
02:42:28,SP-FUTURE,3078.0,1403,3078.0,1449,NOTHING
02:42:28,SP-FUTURE,3078.0,1409,3078.0,1443,NOTHING
02:42:29,SP-FUTURE,3078.0,1204,3078.0,1648,NOTHING
02:42:30,SP-FUTURE,3078.0,996,3078.0,1856,NOTHING
02:42:30,SP-FUTURE,3078.0,2569,3078.0,283,NOTHING
02:42:32,SP-FUTURE,3078.0,2281,3078.0,571,NOTHING
02:42:33,SP-FUTURE,3078.0,2290,3078.0,562,NOTHING
02:42:33,SP-FUTURE,3079.0,2663,3079.0,189,NOTHING
02:42:35,SP-FUTURE,3079.0,843,3079.0,2009,NOTHING
02:42:36,SP-FUTURE,3079.0,867,3079.0,1985,NOTHING
02:42:37,SP-FUTURE,3078.0,549,3078.0,2303,NOTHING
02:42:39,SP-FUTURE,3078.0,1249,3078.0,1603,NOTHING
02:42:41,SP-FUTURE,3078.0,1355,3078.0,1497,NOTHING
02:42:42,SP-FUTURE,3078.0,2488,3078.0,364,NOTHING
02:42:42,SP-FUTURE,3078.0,381,3078.0,2471,NOTHING
02:42:43,SP-FUTURE,3078.0,351,3078.0,2501,NOTHING
02:42:43,SP-FUTURE,3078.0,534,3078.0,2318,NOTHING
02:42:44,SP-FUTURE,3078.0,307,3078.0,2545,NOTHING
02:42:45,SP-FUTURE,3078.0,127,3078.0,2725,NOTHING
02:42:46,SP-FUTURE,3078.0,27,3078.0,2825,NOTHING
02:42:48,SP-FUTURE,3078.0,36,3078.0,2816,NOTHING
02:42:49,SP-FUTURE,3078.0,534,3078.0,2318,NOTHING
02:42:50,SP-FUTURE,3078.0,320,3078.0,2532,NOTHING
02:42:51,SP-FUTURE,3078.0,1005,3078.0,1847,NOTHING
02:42:52,SP-FUTURE,3078.0,119,3078.0,2733,NOTHING
02:42:52,SP-FUTURE,3075.0,527,3076.0,2325,NOTHING
02:42:54,SP-FUTURE,3075.0,678,3076.0,2174,NOTHING
02:42:54,SP-FUTURE,3075.0,1080,3076.0,1772,NOTHING
02:42:55,SP-FUTURE,3075.0,1116,3076.0,1736,NOTHING
02:42:56,SP-FUTURE,3075.0,1140,3076.0,1712,NOTHING
02:42:57,SP-FUTURE,3075.0,1946,3076.0,906,NOTHING
02:42:58,SP-FUTURE,3075.0,952,3076.0,1900,NOTHING
02:42:59,SP-FUTURE,3076.0,746,3076.0,2106,NOTHING
02:43:00,SP-FUTURE,3076.0,453,3076.0,2399,NOTHING
02:43:01,SP-FUTURE,3075.0,955,3076.0,1897,NOTHING
02:43:03,SP-FUTURE,3075.0,1075,3076.0,1777,NOTHING
02:43:04,SP-FUTURE,3075.0,285,3076.0,2567,NOTHING
02:43:04,SP-FUTURE,3074.0,2437,3075.0,415,NOTHING
02:43:05,SP-FUTURE,3073.0,2632,3074.0,220,NOTHING
02:43:05,SP-FUTURE,3074.0,727,3074.0,2125,NOTHING
02:43:05,SP-FUTURE,3074.0,1329,3074.0,1523,NOTHING
02:43:06,SP-FUTURE,3074.0,1344,3074.0,1508,NOTHING
02:43:07,SP-FUTURE,3071.0,2124,3072.0,728,NOTHING
02:43:08,SP-FUTURE,3072.0,2811,3072.0,41,NOTHING
02:43:08,SP-FUTURE,3072.0,1195,3072.0,1657,NOTHING
02:43:09,SP-FUTURE,3072.0,1168,3072.0,1684,NOTHING
02:43:10,SP-FUTURE,3072.0,739,3072.0,2113,NOTHING
02:43:11,SP-FUTURE,3072.0,2126,3072.0,726,NOTHING
02:43:11,SP-FUTURE,3072.0,524,3072.0,2328,NOTHING
02:43:13,SP-FUTURE,3072.0,288,3072.0,2564,NOTHING
02:43:14,SP-FUTURE,3072.0,866,3072.0,1986,NOTHING
02:43:15,SP-FUTURE,3072.0,713,3072.0,2139,NOTHING
02:43:16,SP-FUTURE,3072.0,723,3072.0,2129,NOTHING
02:43:18,SP-FUTURE,3072.0,586,3072.0,2266,NOTHING
02:43:19,SP-FUTURE,3072.0,189,3072.0,2663,NOTHING
02:43:20,SP-FUTURE,3072.0,579,3072.0,2273,NOTHING
02:43:21,SP-FUTURE,3072.0,762,3072.0,2090,NOTHING
02:43:23,SP-FUTURE,3072.0,1362,3072.0,1490,NOTHING
02:43:24,SP-FUTURE,3072.0,2570,3072.0,282,NOTHING
02:43:25,SP-FUTURE,3073.0,2120,3073.0,732,NOTHING
02:43:26,SP-FUTURE,3073.0,2129,3073.0,723,NOTHING
02:43:27,SP-FUTURE,3073.0,2574,3073.0,278,NOTHING
02:43:29,SP-FUTURE,3073.0,293,3073.0,2559,NOTHING
02:43:29,SP-FUTURE,3073.0,2491,3073.0,361,NOTHING
02:43:30,SP-FUTURE,3073.0,160,3074.0,2692,NOTHING
02:43:31,SP-FUTURE,3073.0,315,3074.0,2537,NOTHING
02:43:32,SP-FUTURE,3073.0,244,3073.0,2608,NOTHING
02:43:33,SP-FUTURE,3072.0,2374,3073.0,478,NOTHING
02:43:34,SP-FUTURE,3072.0,1801,3072.0,1051,NOTHING
02:43:36,SP-FUTURE,3071.0,1421,3071.0,1431,NOTHING
02:43:37,SP-FUTURE,3071.0,2407,3071.0,445,NOTHING
02:43:38,SP-FUTURE,3070.0,2219,3070.0,633,NOTHING
02:43:39,SP-FUTURE,3069.0,2513,3070.0,339,NOTHING
02:43:40,SP-FUTURE,3069.0,339,3070.0,2513,NOTHING
02:43:41,SP-FUTURE,3069.0,287,3070.0,2565,NOTHING
02:43:41,SP-FUTURE,3069.0,547,3070.0,2305,NOTHING
02:43:42,SP-FUTURE,3069.0,1722,3070.0,1130,NOTHING
02:43:43,SP-FUTURE,3069.0,1618,3070.0,1234,NOTHING
02:43:44,SP-FUTURE,3069.0,333,3069.0,2519,NOTHING
02:43:46,SP-FUTURE,3069.0,2018,3069.0,834,NOTHING
02:43:46,SP-FUTURE,3069.0,2486,3070.0,366,NOTHING
02:43:47,SP-FUTURE,3070.0,2613,3070.0,239,NOTHING
02:43:48,SP-FUTURE,3070.0,2804,3070.0,48,NOTHING
02:43:50,SP-FUTURE,3071.0,2157,3071.0,695,NOTHING
02:43:52,SP-FUTURE,3071.0,1844,3071.0,1008,NOTHING
02:43:53,SP-FUTURE,3071.0,2411,3071.0,441,NOTHING
02:43:54,SP-FUTURE,3071.0,2423,3071.0,429,NOTHING
02:43:55,SP-FUTURE,3071.0,364,3071.0,2488,NOTHING
02:43:56,SP-FUTURE,3071.0,260,3071.0,2592,NOTHING
02:43:58,SP-FUTURE,3072.0,2524,3072.0,328,NOTHING
02:43:59,SP-FUTURE,3073.0,1402,3073.0,1450,NOTHING
02:44:00,SP-FUTURE,3073.0,885,3073.0,1967,NOTHING
02:44:01,SP-FUTURE,3073.0,1394,3073.0,1458,NOTHING
02:44:02,SP-FUTURE,3073.0,2797,3073.0,55,NOTHING
02:44:04,SP-FUTURE,3073.0,1461,3073.0,1391,NOTHING
02:44:04,SP-FUTURE,3073.0,1711,3073.0,1141,NOTHING
02:44:05,SP-FUTURE,3072.0,1681,3072.0,1171,NOTHING
02:44:07,SP-FUTURE,3072.0,2378,3072.0,474,NOTHING
02:44:07,SP-FUTURE,3072.0,1904,3072.0,948,NOTHING
02:44:09,SP-FUTURE,3072.0,24,3072.0,2828,NOTHING
02:44:09,SP-FUTURE,3072.0,488,3072.0,2364,NOTHING
02:44:10,SP-FUTURE,3072.0,655,3072.0,2197,NOTHING
02:44:11,SP-FUTURE,3071.0,794,3071.0,2058,NOTHING
02:44:12,SP-FUTURE,3071.0,769,3071.0,2083,NOTHING
02:44:13,SP-FUTURE,3071.0,274,3071.0,2578,NOTHING
02:44:13,SP-FUTURE,3071.0,283,3071.0,2569,NOTHING
02:44:14,SP-FUTURE,3071.0,387,3071.0,2465,NOTHING
02:44:15,SP-FUTURE,3071.0,157,3071.0,2695,NOTHING
02:44:17,SP-FUTURE,3071.0,311,3071.0,2541,NOTHING
02:44:18,SP-FUTURE,3071.0,1470,3071.0,1382,NOTHING
02:44:19,SP-FUTURE,3071.0,1511,3071.0,1341,NOTHING
02:44:19,SP-FUTURE,3071.0,1571,3071.0,1281,NOTHING
02:44:21,SP-FUTURE,3071.0,172,3071.0,2680,NOTHING
02:44:22,SP-FUTURE,3071.0,203,3071.0,2649,NOTHING
02:44:24,SP-FUTURE,3071.0,2229,3071.0,623,NOTHING
02:44:24,SP-FUTURE,3071.0,585,3071.0,2267,NOTHING
02:44:26,SP-FUTURE,3071.0,2087,3071.0,765,NOTHING
02:44:27,SP-FUTURE,3071.0,2117,3071.0,735,NOTHING
02:44:27,SP-FUTURE,3071.0,71,3071.0,2781,NOTHING
02:44:29,SP-FUTURE,3071.0,381,3071.0,2471,NOTHING
02:44:30,SP-FUTURE,3071.0,732,3071.0,2120,NOTHING
02:44:31,SP-FUTURE,3071.0,512,3071.0,2340,NOTHING
02:44:32,SP-FUTURE,3071.0,387,3071.0,2465,NOTHING
02:44:34,SP-FUTURE,3070.0,2657,3071.0,195,NOTHING
02:44:35,SP-FUTURE,3071.0,32,3071.0,2820,NOTHING
02:44:37,SP-FUTURE,3070.0,2848,3071.0,4,NOTHING
02:44:38,SP-FUTURE,3071.0,85,3071.0,2767,NOTHING
02:44:39,SP-FUTURE,3071.0,285,3071.0,2567,NOTHING
02:44:40,SP-FUTURE,3071.0,266,3071.0,2586,NOTHING
02:44:41,SP-FUTURE,3071.0,341,3071.0,2511,NOTHING
02:44:43,SP-FUTURE,3071.0,540,3071.0,2312,NOTHING
02:44:43,SP-FUTURE,3071.0,237,3071.0,2615,NOTHING
02:44:44,SP-FUTURE,3071.0,1674,3071.0,1178,NOTHING
02:44:46,SP-FUTURE,3071.0,2,3071.0,2850,NOTHING
02:44:48,SP-FUTURE,3071.0,1600,3071.0,1252,NOTHING
02:44:49,SP-FUTURE,3071.0,1060,3071.0,1792,NOTHING
02:44:50,SP-FUTURE,3071.0,39,3071.0,2813,NOTHING
02:44:50,SP-FUTURE,3071.0,2107,3071.0,745,NOTHING
02:44:51,SP-FUTURE,3071.0,2680,3071.0,172,NOTHING
02:44:51,SP-FUTURE,3071.0,1881,3072.0,971,NOTHING
02:44:52,SP-FUTURE,3071.0,1762,3072.0,1090,NOTHING
02:44:54,SP-FUTURE,3071.0,111,3072.0,2741,NOTHING
02:44:55,SP-FUTURE,3071.0,2401,3071.0,451,NOTHING
02:44:56,SP-FUTURE,3071.0,1689,3071.0,1163,NOTHING
02:44:59,SP-FUTURE,3071.0,2432,3071.0,420,NOTHING
02:44:59,SP-FUTURE,3071.0,1927,3071.0,925,NOTHING
02:50:03,SP-FUTURE,3071.0,501,3072.0,2351,NOTHING
02:50:03,SP-FUTURE,3072.0,717,3072.0,2135,NOTHING
02:50:03,SP-FUTURE,3071.0,2414,3072.0,438,NOTHING
02:50:03,SP-FUTURE,3072.0,917,3072.0,1935,NOTHING
02:50:03,SP-FUTURE,3071.0,2576,3072.0,276,NOTHING
02:50:03,SP-FUTURE,3071.0,2545,3072.0,307,NOTHING
02:50:03,SP-FUTURE,3069.0,1055,3070.0,1797,NOTHING
02:50:03,SP-FUTURE,3070.0,875,3070.0,1977,NOTHING
02:50:03,SP-FUTURE,3070.0,217,3070.0,2635,NOTHING
02:50:03,SP-FUTURE,3070.0,2221,3070.0,631,NOTHING
02:50:03,SP-FUTURE,3071.0,2152,3071.0,700,NOTHING
02:50:03,SP-FUTURE,3071.0,958,3071.0,1894,NOTHING
02:50:03,SP-FUTURE,3071.0,1190,3071.0,1662,NOTHING
02:50:03,SP-FUTURE,3071.0,290,3071.0,2562,NOTHING
02:50:03,SP-FUTURE,3071.0,693,3071.0,2159,NOTHING
02:50:03,SP-FUTURE,3071.0,132,3071.0,2720,NOTHING
02:50:03,SP-FUTURE,3071.0,111,3072.0,2741,NOTHING
02:50:03,SP-FUTURE,3071.0,2570,3071.0,282,NOTHING
02:50:03,SP-FUTURE,3072.0,2515,3072.0,337,NOTHING
02:50:03,SP-FUTURE,3072.0,848,3072.0,2004,NOTHING
02:50:03,SP-FUTURE,3071.0,725,3072.0,2127,NOTHING
02:50:03,SP-FUTURE,3071.0,1138,3072.0,1714,NOTHING
02:50:03,SP-FUTURE,3071.0,2347,3072.0,505,NOTHING
02:50:03,SP-FUTURE,3071.0,2442,3072.0,410,NOTHING
02:50:03,SP-FUTURE,3071.0,1405,3072.0,1447,NOTHING
02:50:03,SP-FUTURE,3071.0,1551,3072.0,1301,NOTHING
02:50:03,SP-FUTURE,3072.0,501,3072.0,2351,NOTHING
02:50:03,SP-FUTURE,3072.0,738,3072.0,2114,NOTHING
02:50:03,SP-FUTURE,3072.0,917,3072.0,1935,NOTHING
02:50:03,SP-FUTURE,3072.0,27,3072.0,2825,NOTHING
02:50:03,SP-FUTURE,3071.0,2731,3072.0,121,NOTHING
02:50:03,SP-FUTURE,3072.0,64,3072.0,2788,NOTHING
02:50:03,SP-FUTURE,3072.0,1652,3072.0,1200,NOTHING
02:50:03,SP-FUTURE,3072.0,123,3072.0,2729,NOTHING
02:50:03,SP-FUTURE,3072.0,2028,3072.0,824,NOTHING
02:50:03,SP-FUTURE,3072.0,2224,3072.0,628,NOTHING
02:50:03,SP-FUTURE,3072.0,1720,3072.0,1132,NOTHING
02:50:03,SP-FUTURE,3072.0,1659,3072.0,1193,NOTHING
02:50:03,SP-FUTURE,3072.0,2359,3072.0,493,NOTHING
02:50:03,SP-FUTURE,3073.0,887,3073.0,1965,NOTHING
02:50:03,SP-FUTURE,3073.0,360,3073.0,2492,NOTHING
02:50:03,SP-FUTURE,3073.0,1735,3073.0,1117,NOTHING
02:50:03,SP-FUTURE,3073.0,2069,3073.0,783,NOTHING
02:50:03,SP-FUTURE,3073.0,2462,3074.0,390,NOTHING
02:50:03,SP-FUTURE,3074.0,209,3074.0,2643,NOTHING
02:50:03,SP-FUTURE,3073.0,2277,3074.0,575,NOTHING
02:50:03,SP-FUTURE,3073.0,2094,3074.0,758,NOTHING
02:50:03,SP-FUTURE,3073.0,2580,3073.0,272,NOTHING
02:50:03,SP-FUTURE,3073.0,1714,3073.0,1138,NOTHING
02:50:03,SP-FUTURE,3073.0,1962,3073.0,890,NOTHING
02:50:03,SP-FUTURE,3073.0,1398,3073.0,1454,NOTHING
02:50:03,SP-FUTURE,3073.0,2246,3073.0,606,NOTHING
02:50:03,SP-FUTURE,3073.0,1860,3073.0,992,NOTHING
02:50:03,SP-FUTURE,3073.0,1718,3073.0,1134,NOTHING
02:50:03,SP-FUTURE,3074.0,2766,3074.0,86,NOTHING
02:50:03,SP-FUTURE,3074.0,293,3075.0,2559,NOTHING
02:50:03,SP-FUTURE,3074.0,606,3075.0,2246,NOTHING
02:50:03,SP-FUTURE,3075.0,2407,3075.0,445,NOTHING
02:50:03,SP-FUTURE,3075.0,2200,3075.0,652,NOTHING
02:50:03,SP-FUTURE,3075.0,2562,3075.0,290,NOTHING
02:50:03,SP-FUTURE,3075.0,1972,3075.0,880,NOTHING
02:50:03,SP-FUTURE,3075.0,1898,3076.0,954,NOTHING
02:50:03,SP-FUTURE,3075.0,1174,3075.0,1678,NOTHING
02:50:03,SP-FUTURE,3075.0,2432,3075.0,420,NOTHING
02:50:03,SP-FUTURE,3075.0,1627,3075.0,1225,NOTHING
02:50:03,SP-FUTURE,3075.0,1057,3075.0,1795,NOTHING
02:50:03,SP-FUTURE,3075.0,536,3075.0,2316,NOTHING
02:50:03,SP-FUTURE,3075.0,1506,3075.0,1346,NOTHING
02:50:03,SP-FUTURE,3075.0,143,3076.0,2709,NOTHING
02:50:03,SP-FUTURE,3075.0,120,3075.0,2732,NOTHING
02:50:03,SP-FUTURE,3075.0,979,3075.0,1873,NOTHING
02:50:03,SP-FUTURE,3075.0,48,3075.0,2804,NOTHING
02:50:03,SP-FUTURE,3075.0,1792,3075.0,1060,NOTHING
02:50:03,SP-FUTURE,3075.0,20,3075.0,2832,NOTHING
02:50:03,SP-FUTURE,3075.0,1397,3075.0,1455,NOTHING
02:50:03,SP-FUTURE,3072.0,456,3072.0,2396,NOTHING
02:50:03,SP-FUTURE,3072.0,338,3072.0,2514,NOTHING
02:50:03,SP-FUTURE,3072.0,367,3072.0,2485,NOTHING
02:50:03,SP-FUTURE,3072.0,505,3072.0,2347,NOTHING
02:50:03,SP-FUTURE,3072.0,487,3072.0,2365,NOTHING
02:50:03,SP-FUTURE,3072.0,2230,3072.0,622,NOTHING
02:50:03,SP-FUTURE,3072.0,1293,3072.0,1559,NOTHING
02:50:03,SP-FUTURE,3073.0,2270,3073.0,582,NOTHING
02:50:03,SP-FUTURE,3073.0,2339,3073.0,513,NOTHING
02:50:03,SP-FUTURE,3073.0,1886,3073.0,966,NOTHING
02:50:03,SP-FUTURE,3073.0,2038,3074.0,814,NOTHING
02:50:03,SP-FUTURE,3073.0,2237,3074.0,615,NOTHING
02:50:03,SP-FUTURE,3073.0,479,3073.0,2373,NOTHING
02:50:03,SP-FUTURE,3073.0,454,3073.0,2398,NOTHING
02:50:03,SP-FUTURE,3072.0,947,3073.0,1905,NOTHING
02:50:03,SP-FUTURE,3072.0,988,3072.0,1864,NOTHING
02:50:03,SP-FUTURE,3072.0,1685,3072.0,1167,NOTHING
02:50:03,SP-FUTURE,3072.0,1963,3072.0,889,NOTHING
02:50:03,SP-FUTURE,3072.0,2063,3072.0,789,NOTHING
02:50:03,SP-FUTURE,3071.0,665,3072.0,2187,NOTHING
02:50:03,SP-FUTURE,3071.0,92,3072.0,2760,NOTHING
02:50:03,SP-FUTURE,3071.0,2550,3072.0,302,NOTHING
02:50:03,SP-FUTURE,3072.0,2555,3072.0,297,NOTHING
02:50:03,SP-FUTURE,3072.0,2760,3073.0,92,NOTHING
02:50:03,SP-FUTURE,3073.0,2240,3073.0,612,NOTHING
02:50:03,SP-FUTURE,3073.0,2191,3073.0,661,NOTHING
02:50:03,SP-FUTURE,3073.0,111,3073.0,2741,NOTHING
02:50:03,SP-FUTURE,3073.0,1065,3073.0,1787,NOTHING
02:50:03,SP-FUTURE,3072.0,1205,3073.0,1647,NOTHING
02:50:03,SP-FUTURE,3072.0,2140,3073.0,712,NOTHING
02:50:03,SP-FUTURE,3072.0,1795,3072.0,1057,NOTHING
02:50:03,SP-FUTURE,3072.0,1604,3072.0,1248,NOTHING
02:50:03,SP-FUTURE,3072.0,2127,3072.0,725,NOTHING
02:50:03,SP-FUTURE,3072.0,2133,3072.0,719,NOTHING
02:50:03,SP-FUTURE,3072.0,2503,3072.0,349,NOTHING
02:50:03,SP-FUTURE,3072.0,1947,3072.0,905,NOTHING
02:50:03,SP-FUTURE,3071.0,2668,3072.0,184,NOTHING
02:50:03,SP-FUTURE,3073.0,1251,3073.0,1601,NOTHING
02:50:03,SP-FUTURE,3073.0,1266,3073.0,1586,NOTHING
02:50:03,SP-FUTURE,3073.0,1945,3073.0,907,NOTHING
02:50:03,SP-FUTURE,3073.0,2361,3073.0,491,NOTHING
02:50:03,SP-FUTURE,3073.0,283,3074.0,2569,NOTHING
02:50:03,SP-FUTURE,3073.0,284,3074.0,2568,NOTHING
02:50:03,SP-FUTURE,3073.0,745,3074.0,2107,NOTHING
02:50:03,SP-FUTURE,3072.0,2015,3073.0,837,NOTHING
02:50:03,SP-FUTURE,3072.0,1064,3073.0,1788,NOTHING
02:50:03,SP-FUTURE,3073.0,1318,3073.0,1534,NOTHING
02:50:03,SP-FUTURE,3073.0,2702,3073.0,150,NOTHING
02:50:03,SP-FUTURE,3073.0,2748,3073.0,104,NOTHING
02:50:03,SP-FUTURE,3073.0,852,3073.0,2000,NOTHING
02:50:03,SP-FUTURE,3073.0,1372,3073.0,1480,NOTHING
02:50:03,SP-FUTURE,3073.0,1864,3073.0,988,NOTHING
02:50:03,SP-FUTURE,3072.0,2803,3072.0,49,NOTHING
02:50:03,SP-FUTURE,3073.0,948,3073.0,1904,NOTHING
02:50:03,SP-FUTURE,3074.0,749,3074.0,2103,NOTHING
02:50:03,SP-FUTURE,3073.0,344,3073.0,2508,NOTHING
02:50:03,SP-FUTURE,3073.0,393,3073.0,2459,NOTHING
02:50:03,SP-FUTURE,3073.0,549,3073.0,2303,NOTHING
02:50:03,SP-FUTURE,3073.0,666,3073.0,2186,NOTHING
02:50:03,SP-FUTURE,3072.0,2381,3073.0,471,NOTHING
02:50:03,SP-FUTURE,3072.0,2358,3072.0,494,NOTHING
02:50:03,SP-FUTURE,3072.0,2800,3072.0,52,NOTHING
02:50:03,SP-FUTURE,3071.0,1195,3072.0,1657,NOTHING
02:50:03,SP-FUTURE,3071.0,1614,3072.0,1238,NOTHING
02:50:03,SP-FUTURE,3071.0,1693,3072.0,1159,NOTHING
02:50:03,SP-FUTURE,3072.0,272,3072.0,2580,NOTHING
02:50:03,SP-FUTURE,3072.0,1058,3072.0,1794,NOTHING
02:50:03,SP-FUTURE,3072.0,1492,3073.0,1360,NOTHING
02:50:03,SP-FUTURE,3072.0,1726,3072.0,1126,NOTHING
02:50:03,SP-FUTURE,3072.0,1368,3073.0,1484,NOTHING
02:50:03,SP-FUTURE,3072.0,1719,3073.0,1133,NOTHING
02:50:03,SP-FUTURE,3072.0,960,3073.0,1892,NOTHING
02:50:03,SP-FUTURE,3073.0,1609,3073.0,1243,NOTHING
02:50:03,SP-FUTURE,3073.0,2595,3073.0,257,NOTHING
02:50:03,SP-FUTURE,3073.0,2613,3073.0,239,NOTHING
02:50:03,SP-FUTURE,3074.0,1744,3074.0,1108,NOTHING
02:50:03,SP-FUTURE,3074.0,2721,3075.0,131,NOTHING
02:50:03,SP-FUTURE,3075.0,283,3075.0,2569,NOTHING
02:50:03,SP-FUTURE,3075.0,2258,3075.0,594,NOTHING
02:50:03,SP-FUTURE,3075.0,2711,3075.0,141,NOTHING
02:50:03,SP-FUTURE,3075.0,2642,3075.0,210,NOTHING
02:50:03,SP-FUTURE,3075.0,1631,3075.0,1221,NOTHING
02:50:03,SP-FUTURE,3075.0,1768,3075.0,1084,NOTHING
02:50:03,SP-FUTURE,3075.0,1307,3076.0,1545,NOTHING
02:50:03,SP-FUTURE,3076.0,2303,3076.0,549,NOTHING
02:50:03,SP-FUTURE,3076.0,2162,3076.0,690,NOTHING
02:50:03,SP-FUTURE,3076.0,533,3076.0,2319,NOTHING
02:50:03,SP-FUTURE,3076.0,136,3076.0,2716,NOTHING
02:50:03,SP-FUTURE,3076.0,625,3076.0,2227,NOTHING
02:50:03,SP-FUTURE,3076.0,245,3076.0,2607,NOTHING
02:50:03,SP-FUTURE,3076.0,1538,3076.0,1314,NOTHING
02:50:03,SP-FUTURE,3076.0,355,3076.0,2497,NOTHING
02:50:03,SP-FUTURE,3076.0,1427,3076.0,1425,NOTHING
02:50:03,SP-FUTURE,3076.0,425,3077.0,2427,NOTHING
02:50:03,SP-FUTURE,3076.0,122,3077.0,2730,NOTHING
02:50:03,SP-FUTURE,3076.0,2535,3076.0,317,NOTHING
02:50:03,SP-FUTURE,3076.0,1791,3076.0,1061,NOTHING
02:50:03,SP-FUTURE,3076.0,1095,3076.0,1757,NOTHING
02:50:03,SP-FUTURE,3076.0,1358,3076.0,1494,NOTHING
02:50:03,SP-FUTURE,3076.0,1296,3076.0,1556,NOTHING
02:50:03,SP-FUTURE,3075.0,2142,3076.0,710,NOTHING
02:50:03,SP-FUTURE,3076.0,2318,3076.0,534,NOTHING
02:50:03,SP-FUTURE,3076.0,2322,3076.0,530,NOTHING
02:50:03,SP-FUTURE,3076.0,577,3076.0,2275,NOTHING
02:50:03,SP-FUTURE,3076.0,2831,3076.0,21,NOTHING
02:50:03,SP-FUTURE,3076.0,1412,3076.0,1440,NOTHING
02:50:03,SP-FUTURE,3076.0,1472,3076.0,1380,NOTHING
02:50:03,SP-FUTURE,3076.0,1447,3076.0,1405,NOTHING
02:50:03,SP-FUTURE,3076.0,1253,3076.0,1599,NOTHING
02:50:03,SP-FUTURE,3076.0,1045,3076.0,1807,NOTHING
02:50:03,SP-FUTURE,3076.0,932,3076.0,1920,NOTHING
02:50:03,SP-FUTURE,3076.0,1198,3076.0,1654,NOTHING
02:50:03,SP-FUTURE,3076.0,1270,3076.0,1582,NOTHING
02:50:03,SP-FUTURE,3076.0,1258,3077.0,1594,NOTHING
02:50:03,SP-FUTURE,3076.0,730,3077.0,2122,NOTHING
02:50:03,SP-FUTURE,3076.0,1723,3077.0,1129,NOTHING
02:50:03,SP-FUTURE,3076.0,936,3076.0,1916,NOTHING
02:50:03,SP-FUTURE,3077.0,579,3077.0,2273,NOTHING
02:50:03,SP-FUTURE,3077.0,2124,3077.0,728,NOTHING
02:50:03,SP-FUTURE,3077.0,1063,3078.0,1789,NOTHING
02:50:03,SP-FUTURE,3077.0,2142,3077.0,710,NOTHING
02:50:03,SP-FUTURE,3077.0,2621,3077.0,231,NOTHING
02:50:03,SP-FUTURE,3077.0,164,3077.0,2688,NOTHING
02:50:03,SP-FUTURE,3077.0,2770,3077.0,82,NOTHING
02:50:03,SP-FUTURE,3077.0,210,3077.0,2642,NOTHING
02:50:03,SP-FUTURE,3078.0,1990,3078.0,862,NOTHING
02:50:03,SP-FUTURE,3081.0,878,3081.0,1974,NOTHING
02:50:03,SP-FUTURE,3081.0,739,3081.0,2113,NOTHING
02:50:03,SP-FUTURE,3081.0,749,3081.0,2103,NOTHING
02:50:03,SP-FUTURE,3081.0,26,3081.0,2826,NOTHING
02:50:03,SP-FUTURE,3081.0,1929,3081.0,923,NOTHING
02:50:03,SP-FUTURE,3081.0,1462,3081.0,1390,NOTHING
02:50:03,SP-FUTURE,3081.0,1394,3081.0,1458,NOTHING
02:50:03,SP-FUTURE,3077.0,1720,3077.0,1132,NOTHING
02:50:05,SP-FUTURE,3077.0,228,3077.0,2624,NOTHING
02:50:07,SP-FUTURE,3076.0,311,3076.0,2541,NOTHING
02:50:07,SP-FUTURE,3076.0,697,3076.0,2155,NOTHING
02:50:08,SP-FUTURE,3076.0,2164,3076.0,688,NOTHING
02:50:08,SP-FUTURE,3075.0,1881,3075.0,971,NOTHING
02:50:09,SP-FUTURE,3075.0,2155,3076.0,697,NOTHING
02:50:10,SP-FUTURE,3076.0,1525,3076.0,1327,NOTHING
02:50:11,SP-FUTURE,3076.0,313,3076.0,2539,NOTHING
02:50:11,SP-FUTURE,3076.0,2702,3076.0,150,NOTHING
02:50:12,SP-FUTURE,3076.0,2808,3076.0,44,NOTHING
02:50:13,SP-FUTURE,3075.0,1801,3076.0,1051,NOTHING
02:50:15,SP-FUTURE,3075.0,2383,3076.0,469,NOTHING
02:50:17,SP-FUTURE,3075.0,2433,3076.0,419,NOTHING
02:50:17,SP-FUTURE,3075.0,53,3075.0,2799,NOTHING
02:50:18,SP-FUTURE,3074.0,211,3074.0,2641,NOTHING
02:50:18,SP-FUTURE,3074.0,2397,3074.0,455,NOTHING
02:50:19,SP-FUTURE,3074.0,412,3074.0,2440,NOTHING
02:50:20,SP-FUTURE,3074.0,1542,3074.0,1310,NOTHING
02:50:21,SP-FUTURE,3074.0,2480,3074.0,372,NOTHING
02:50:22,SP-FUTURE,3074.0,1605,3074.0,1247,NOTHING
02:50:23,SP-FUTURE,3074.0,972,3074.0,1880,NOTHING
02:50:24,SP-FUTURE,3074.0,295,3074.0,2557,NOTHING
02:50:25,SP-FUTURE,3074.0,761,3074.0,2091,NOTHING
02:50:25,SP-FUTURE,3074.0,1483,3074.0,1369,NOTHING
02:50:26,SP-FUTURE,3074.0,1570,3074.0,1282,NOTHING
02:50:27,SP-FUTURE,3074.0,2232,3074.0,620,NOTHING
02:50:29,SP-FUTURE,3074.0,2399,3074.0,453,NOTHING
02:50:31,SP-FUTURE,3074.0,2226,3074.0,626,NOTHING
02:50:32,SP-FUTURE,3074.0,2181,3074.0,671,NOTHING
02:50:33,SP-FUTURE,3074.0,2570,3074.0,282,NOTHING
02:50:34,SP-FUTURE,3074.0,2448,3074.0,404,NOTHING
02:50:35,SP-FUTURE,3074.0,592,3075.0,2260,NOTHING
02:50:36,SP-FUTURE,3074.0,1286,3074.0,1566,NOTHING
02:50:37,SP-FUTURE,3074.0,1391,3074.0,1461,NOTHING
02:50:39,SP-FUTURE,3074.0,487,3074.0,2365,NOTHING
02:50:39,SP-FUTURE,3074.0,2669,3074.0,183,NOTHING
02:50:40,SP-FUTURE,3074.0,37,3074.0,2815,NOTHING
02:50:40,SP-FUTURE,3074.0,1371,3074.0,1481,NOTHING
02:50:41,SP-FUTURE,3074.0,1322,3074.0,1530,NOTHING
02:50:42,SP-FUTURE,3074.0,1364,3074.0,1488,NOTHING
02:50:44,SP-FUTURE,3074.0,2462,3074.0,390,NOTHING
02:50:44,SP-FUTURE,3074.0,2167,3074.0,685,NOTHING
02:50:46,SP-FUTURE,3074.0,2724,3074.0,128,NOTHING
02:50:47,SP-FUTURE,3074.0,367,3074.0,2485,NOTHING
02:50:48,SP-FUTURE,3073.0,2239,3074.0,613,NOTHING
02:50:49,SP-FUTURE,3073.0,1541,3074.0,1311,NOTHING
02:50:51,SP-FUTURE,3073.0,2068,3074.0,784,NOTHING
02:50:52,SP-FUTURE,3072.0,1645,3072.0,1207,NOTHING
02:50:53,SP-FUTURE,3071.0,2697,3071.0,155,NOTHING
02:50:55,SP-FUTURE,3071.0,1175,3071.0,1677,NOTHING
02:50:56,SP-FUTURE,3071.0,637,3072.0,2215,NOTHING
02:50:57,SP-FUTURE,3071.0,1163,3072.0,1689,NOTHING
02:50:58,SP-FUTURE,3071.0,607,3072.0,2245,NOTHING
02:50:59,SP-FUTURE,3071.0,614,3072.0,2238,NOTHING
02:51:00,SP-FUTURE,3070.0,2022,3070.0,830,NOTHING
02:51:02,SP-FUTURE,3072.0,2208,3072.0,644,NOTHING
02:51:03,SP-FUTURE,3072.0,2756,3073.0,96,NOTHING
02:51:04,SP-FUTURE,3072.0,2814,3073.0,38,NOTHING
02:51:05,SP-FUTURE,3072.0,2501,3073.0,351,NOTHING
02:51:07,SP-FUTURE,3072.0,1949,3073.0,903,NOTHING
02:51:07,SP-FUTURE,3072.0,2726,3073.0,126,NOTHING
02:51:08,SP-FUTURE,3073.0,1832,3073.0,1020,NOTHING
02:51:09,SP-FUTURE,3073.0,2349,3073.0,503,NOTHING
02:51:10,SP-FUTURE,3073.0,2320,3073.0,532,NOTHING
02:51:12,SP-FUTURE,3073.0,2337,3073.0,515,NOTHING
02:51:13,SP-FUTURE,3073.0,2341,3073.0,511,NOTHING
02:51:15,SP-FUTURE,3073.0,61,3074.0,2791,NOTHING
02:51:16,SP-FUTURE,3073.0,305,3074.0,2547,NOTHING
02:51:17,SP-FUTURE,3073.0,266,3074.0,2586,NOTHING
02:51:18,SP-FUTURE,3073.0,80,3074.0,2772,NOTHING
02:51:20,SP-FUTURE,3073.0,1541,3074.0,1311,NOTHING
02:51:22,SP-FUTURE,3073.0,942,3074.0,1910,NOTHING
02:51:22,SP-FUTURE,3073.0,694,3074.0,2158,NOTHING
02:51:23,SP-FUTURE,3073.0,1604,3073.0,1248,NOTHING
02:51:24,SP-FUTURE,3072.0,1158,3072.0,1694,NOTHING
02:51:25,SP-FUTURE,3072.0,1152,3072.0,1700,NOTHING
02:51:26,SP-FUTURE,3072.0,2260,3072.0,592,NOTHING
02:51:27,SP-FUTURE,3071.0,1568,3072.0,1284,NOTHING
02:51:27,SP-FUTURE,3071.0,1062,3072.0,1790,NOTHING
02:51:28,SP-FUTURE,3071.0,316,3071.0,2536,NOTHING
02:51:28,SP-FUTURE,3071.0,2377,3071.0,475,NOTHING
02:51:29,SP-FUTURE,3071.0,144,3071.0,2708,NOTHING
02:51:30,SP-FUTURE,3071.0,914,3071.0,1938,NOTHING
02:51:32,SP-FUTURE,3070.0,1069,3071.0,1783,NOTHING
02:51:33,SP-FUTURE,3070.0,1418,3071.0,1434,NOTHING
02:51:33,SP-FUTURE,3070.0,1569,3071.0,1283,NOTHING
02:51:34,SP-FUTURE,3070.0,1200,3070.0,1652,NOTHING
02:51:35,SP-FUTURE,3068.0,935,3068.0,1917,NOTHING
02:51:35,SP-FUTURE,3068.0,772,3068.0,2080,NOTHING
02:51:36,SP-FUTURE,3068.0,1180,3068.0,1672,NOTHING
02:51:37,SP-FUTURE,3068.0,5,3068.0,2847,NOTHING
02:51:39,SP-FUTURE,3068.0,2661,3068.0,191,NOTHING
02:51:39,SP-FUTURE,3068.0,2570,3068.0,282,NOTHING
02:51:40,SP-FUTURE,3067.0,2639,3067.0,213,NOTHING
02:51:41,SP-FUTURE,3068.0,214,3068.0,2638,NOTHING
02:51:43,SP-FUTURE,3068.0,298,3068.0,2554,NOTHING
02:51:43,SP-FUTURE,3067.0,654,3067.0,2198,NOTHING
02:51:44,SP-FUTURE,3067.0,247,3068.0,2605,NOTHING
02:51:45,SP-FUTURE,3067.0,187,3068.0,2665,NOTHING
02:51:46,SP-FUTURE,3066.0,2056,3067.0,796,NOTHING
02:51:46,SP-FUTURE,3067.0,520,3067.0,2332,NOTHING
02:51:47,SP-FUTURE,3067.0,1095,3067.0,1757,NOTHING
02:51:48,SP-FUTURE,3067.0,2720,3068.0,132,NOTHING
02:51:49,SP-FUTURE,3067.0,1369,3068.0,1483,NOTHING
02:51:49,SP-FUTURE,3067.0,2538,3068.0,314,NOTHING
02:51:51,SP-FUTURE,3068.0,2075,3068.0,777,NOTHING
02:51:52,SP-FUTURE,3066.0,2242,3067.0,610,NOTHING
02:51:52,SP-FUTURE,3067.0,1285,3067.0,1567,NOTHING
02:51:53,SP-FUTURE,3067.0,982,3067.0,1870,NOTHING
02:51:54,SP-FUTURE,3067.0,2577,3067.0,275,NOTHING
02:51:55,SP-FUTURE,3067.0,2347,3067.0,505,NOTHING
02:51:55,SP-FUTURE,3066.0,1906,3066.0,946,NOTHING
02:51:56,SP-FUTURE,3066.0,2583,3066.0,269,NOTHING
02:51:58,SP-FUTURE,3067.0,564,3067.0,2288,NOTHING
02:52:00,SP-FUTURE,3067.0,1438,3067.0,1414,BUY
02:52:01,SP-FUTURE,3067.0,274,3067.0,2578,BUY
02:52:02,SP-FUTURE,3067.0,822,3067.0,2030,BUY
02:52:03,SP-FUTURE,3067.0,2399,3067.0,453,BUY
02:52:04,SP-FUTURE,3064.0,2722,3064.0,130,BUY
02:52:05,SP-FUTURE,3064.0,2757,3064.0,95,BUY
02:52:06,SP-FUTURE,3064.0,76,3065.0,2776,BUY
02:52:06,SP-FUTURE,3064.0,2848,3064.0,4,BUY
02:52:07,SP-FUTURE,3064.0,578,3065.0,2274,BUY
02:52:09,SP-FUTURE,3064.0,974,3064.0,1878,BUY
02:52:09,SP-FUTURE,3064.0,2743,3064.0,109,BUY
02:52:11,SP-FUTURE,3063.0,137,3063.0,2715,BUY
02:52:12,SP-FUTURE,3063.0,2418,3063.0,434,BUY
02:52:13,SP-FUTURE,3063.0,2415,3063.0,437,BUY
02:52:14,SP-FUTURE,3063.0,2333,3063.0,519,BUY
02:52:15,SP-FUTURE,3063.0,144,3063.0,2708,BUY
02:52:16,SP-FUTURE,3063.0,2766,3063.0,86,BUY
02:52:17,SP-FUTURE,3063.0,2350,3063.0,502,BUY
02:52:17,SP-FUTURE,3063.0,158,3063.0,2694,BUY
02:52:18,SP-FUTURE,3063.0,1109,3063.0,1743,BUY
02:52:20,SP-FUTURE,3063.0,1004,3063.0,1848,BUY
02:52:21,SP-FUTURE,3065.0,337,3065.0,2515,BUY
02:52:23,SP-FUTURE,3064.0,174,3065.0,2678,BUY
02:52:24,SP-FUTURE,3064.0,2753,3065.0,99,BUY
02:52:25,SP-FUTURE,3065.0,521,3066.0,2331,BUY
02:52:26,SP-FUTURE,3065.0,866,3066.0,1986,BUY
02:52:26,SP-FUTURE,3065.0,780,3066.0,2072,BUY
02:52:27,SP-FUTURE,3065.0,880,3065.0,1972,BUY
02:52:28,SP-FUTURE,3065.0,882,3065.0,1970,BUY
02:52:29,SP-FUTURE,3065.0,755,3065.0,2097,BUY
02:52:30,SP-FUTURE,3065.0,2670,3065.0,182,BUY
02:52:31,SP-FUTURE,3065.0,466,3066.0,2386,BUY
02:52:31,SP-FUTURE,3065.0,1667,3066.0,1185,BUY
02:52:32,SP-FUTURE,3065.0,1738,3066.0,1114,BUY
02:52:32,SP-FUTURE,3065.0,1838,3066.0,1014,BUY
02:52:33,SP-FUTURE,3065.0,986,3065.0,1866,BUY
02:52:34,SP-FUTURE,3065.0,975,3065.0,1877,BUY
02:52:35,SP-FUTURE,3065.0,331,3066.0,2521,BUY
02:52:36,SP-FUTURE,3066.0,861,3066.0,1991,BUY
02:52:37,SP-FUTURE,3066.0,975,3066.0,1877,BUY
02:52:37,SP-FUTURE,3066.0,854,3066.0,1998,BUY
02:52:38,SP-FUTURE,3066.0,2199,3066.0,653,BUY
02:52:38,SP-FUTURE,3066.0,2072,3066.0,780,BUY
02:52:39,SP-FUTURE,3066.0,2753,3067.0,99,BUY
02:52:40,SP-FUTURE,3067.0,1905,3067.0,947,BUY
02:52:40,SP-FUTURE,3067.0,1180,3067.0,1672,BUY
02:52:41,SP-FUTURE,3067.0,952,3067.0,1900,BUY
02:52:41,SP-FUTURE,3067.0,551,3067.0,2301,BUY
02:52:42,SP-FUTURE,3067.0,1427,3067.0,1425,BUY
02:52:44,SP-FUTURE,3067.0,1373,3067.0,1479,BUY
02:52:45,SP-FUTURE,3071.0,2390,3071.0,462,BUY
02:52:46,SP-FUTURE,3071.0,500,3071.0,2352,BUY
02:52:47,SP-FUTURE,3072.0,1616,3072.0,1236,BUY
02:52:48,SP-FUTURE,3072.0,100,3072.0,2752,BUY
02:52:49,SP-FUTURE,3072.0,2706,3072.0,146,BUY
02:52:49,SP-FUTURE,3075.0,2843,3075.0,9,BUY
02:52:49,SP-FUTURE,3075.0,845,3075.0,2007,BUY
02:52:50,SP-FUTURE,3075.0,1126,3075.0,1726,BUY
02:52:51,SP-FUTURE,3076.0,543,3076.0,2309,BUY
02:52:52,SP-FUTURE,3076.0,755,3076.0,2097,BUY
02:52:53,SP-FUTURE,3076.0,614,3076.0,2238,BUY
02:52:54,SP-FUTURE,3076.0,2565,3076.0,287,BUY
02:52:54,SP-FUTURE,3076.0,51,3076.0,2801,BUY
02:52:56,SP-FUTURE,3076.0,2689,3076.0,163,BUY
02:52:57,SP-FUTURE,3076.0,759,3076.0,2093,BUY
02:52:59,SP-FUTURE,3076.0,1411,3076.0,1441,BUY
02:53:00,SP-FUTURE,3076.0,2340,3076.0,512,NOTHING
02:53:01,SP-FUTURE,3076.0,2559,3076.0,293,NOTHING
02:53:02,SP-FUTURE,3076.0,1450,3076.0,1402,NOTHING
02:53:03,SP-FUTURE,3076.0,1387,3076.0,1465,NOTHING
02:53:03,SP-FUTURE,3076.0,2001,3076.0,851,NOTHING
02:53:03,SP-FUTURE,3076.0,774,3076.0,2078,NOTHING
02:53:04,SP-FUTURE,3075.0,681,3076.0,2171,NOTHING
02:53:06,SP-FUTURE,3075.0,1014,3075.0,1838,NOTHING
02:53:07,SP-FUTURE,3075.0,823,3075.0,2029,NOTHING
02:53:09,SP-FUTURE,3075.0,249,3075.0,2603,NOTHING
02:53:09,SP-FUTURE,3075.0,1134,3076.0,1718,NOTHING
02:53:11,SP-FUTURE,3075.0,988,3076.0,1864,NOTHING
02:53:11,SP-FUTURE,3075.0,494,3076.0,2358,NOTHING
02:53:12,SP-FUTURE,3077.0,958,3077.0,1894,NOTHING
02:53:12,SP-FUTURE,3077.0,2649,3077.0,203,NOTHING
02:53:13,SP-FUTURE,3077.0,609,3077.0,2243,NOTHING
02:53:14,SP-FUTURE,3077.0,417,3077.0,2435,NOTHING
02:53:14,SP-FUTURE,3077.0,161,3077.0,2691,NOTHING
02:53:15,SP-FUTURE,3077.0,1807,3077.0,1045,NOTHING
02:53:16,SP-FUTURE,3077.0,2739,3077.0,113,NOTHING
02:53:17,SP-FUTURE,3077.0,653,3077.0,2199,NOTHING
02:53:18,SP-FUTURE,3077.0,2252,3077.0,600,NOTHING
02:53:19,SP-FUTURE,3077.0,434,3077.0,2418,NOTHING
02:53:20,SP-FUTURE,3076.0,870,3077.0,1982,NOTHING
02:53:21,SP-FUTURE,3076.0,1911,3077.0,941,NOTHING
02:53:22,SP-FUTURE,3076.0,241,3076.0,2611,NOTHING
02:53:24,SP-FUTURE,3076.0,1439,3076.0,1413,NOTHING
02:53:24,SP-FUTURE,3076.0,2227,3076.0,625,NOTHING
02:53:25,SP-FUTURE,3076.0,1414,3077.0,1438,NOTHING
02:53:25,SP-FUTURE,3077.0,1003,3077.0,1849,NOTHING
02:53:26,SP-FUTURE,3077.0,965,3077.0,1887,NOTHING
02:53:27,SP-FUTURE,3077.0,865,3077.0,1987,NOTHING
02:53:28,SP-FUTURE,3077.0,552,3077.0,2300,NOTHING
02:53:30,SP-FUTURE,3077.0,1264,3077.0,1588,NOTHING
02:53:31,SP-FUTURE,3076.0,2157,3076.0,695,NOTHING
02:53:32,SP-FUTURE,3076.0,2163,3076.0,689,NOTHING
02:53:33,SP-FUTURE,3076.0,2169,3076.0,683,NOTHING
02:53:34,SP-FUTURE,3076.0,1558,3076.0,1294,NOTHING
02:53:35,SP-FUTURE,3076.0,2029,3076.0,823,NOTHING
02:53:36,SP-FUTURE,3076.0,2500,3076.0,352,NOTHING
02:53:36,SP-FUTURE,3076.0,1633,3076.0,1219,NOTHING
02:53:38,SP-FUTURE,3076.0,494,3076.0,2358,NOTHING
02:53:40,SP-FUTURE,3076.0,2405,3076.0,447,NOTHING
02:53:40,SP-FUTURE,3077.0,479,3077.0,2373,NOTHING
02:53:41,SP-FUTURE,3077.0,40,3077.0,2812,NOTHING
02:53:42,SP-FUTURE,3077.0,16,3077.0,2836,NOTHING
02:53:43,SP-FUTURE,3077.0,757,3077.0,2095,NOTHING
02:53:45,SP-FUTURE,3077.0,791,3077.0,2061,NOTHING
02:53:46,SP-FUTURE,3077.0,984,3077.0,1868,NOTHING
02:53:47,SP-FUTURE,3077.0,2053,3077.0,799,NOTHING
02:53:48,SP-FUTURE,3077.0,2003,3077.0,849,NOTHING
02:53:49,SP-FUTURE,3078.0,1207,3078.0,1645,NOTHING
02:53:50,SP-FUTURE,3078.0,2505,3078.0,347,NOTHING
02:53:52,SP-FUTURE,3078.0,111,3078.0,2741,NOTHING
02:53:54,SP-FUTURE,3078.0,1997,3079.0,855,NOTHING
02:53:55,SP-FUTURE,3078.0,2742,3079.0,110,NOTHING
02:53:56,SP-FUTURE,3079.0,1595,3079.0,1257,NOTHING
02:53:58,SP-FUTURE,3080.0,2050,3080.0,802,NOTHING
02:53:59,SP-FUTURE,3079.0,2420,3079.0,432,NOTHING
02:53:59,SP-FUTURE,3079.0,2405,3079.0,447,NOTHING
02:54:01,SP-FUTURE,3079.0,1109,3079.0,1743,NOTHING
02:54:02,SP-FUTURE,3079.0,242,3079.0,2610,NOTHING
02:54:04,SP-FUTURE,3079.0,45,3079.0,2807,NOTHING
02:54:04,SP-FUTURE,3078.0,873,3079.0,1979,NOTHING
02:54:05,SP-FUTURE,3078.0,1108,3079.0,1744,NOTHING
02:54:06,SP-FUTURE,3074.0,2699,3074.0,153,NOTHING
02:54:06,SP-FUTURE,3074.0,2830,3074.0,22,NOTHING
02:54:07,SP-FUTURE,3074.0,2829,3074.0,23,NOTHING
02:54:09,SP-FUTURE,3074.0,1929,3074.0,923,NOTHING
02:54:09,SP-FUTURE,3074.0,1759,3074.0,1093,NOTHING
02:54:10,SP-FUTURE,3074.0,1888,3074.0,964,NOTHING
02:54:11,SP-FUTURE,3074.0,612,3074.0,2240,NOTHING
02:54:12,SP-FUTURE,3074.0,593,3074.0,2259,NOTHING
02:54:14,SP-FUTURE,3074.0,508,3075.0,2344,NOTHING
02:54:15,SP-FUTURE,3075.0,158,3075.0,2694,NOTHING
02:54:16,SP-FUTURE,3075.0,165,3075.0,2687,NOTHING
02:54:17,SP-FUTURE,3074.0,2155,3075.0,697,NOTHING
02:54:18,SP-FUTURE,3074.0,2259,3075.0,593,NOTHING
02:54:19,SP-FUTURE,3074.0,2801,3075.0,51,NOTHING
02:54:21,SP-FUTURE,3074.0,2648,3075.0,204,NOTHING
02:54:22,SP-FUTURE,3075.0,1854,3076.0,998,NOTHING
02:54:22,SP-FUTURE,3075.0,1798,3076.0,1054,NOTHING
02:54:23,SP-FUTURE,3076.0,112,3076.0,2740,NOTHING
02:54:24,SP-FUTURE,3077.0,2676,3077.0,176,NOTHING
02:54:24,SP-FUTURE,3078.0,711,3079.0,2141,NOTHING
02:54:26,SP-FUTURE,3078.0,496,3078.0,2356,NOTHING
02:54:26,SP-FUTURE,3078.0,58,3079.0,2794,NOTHING
02:54:27,SP-FUTURE,3078.0,1563,3079.0,1289,NOTHING
02:54:28,SP-FUTURE,3079.0,1739,3079.0,1113,NOTHING
02:54:29,SP-FUTURE,3079.0,1723,3079.0,1129,NOTHING
02:54:30,SP-FUTURE,3078.0,821,3078.0,2031,NOTHING
02:54:31,SP-FUTURE,3077.0,2239,3078.0,613,NOTHING
02:54:32,SP-FUTURE,3077.0,2714,3078.0,138,NOTHING
02:54:33,SP-FUTURE,3077.0,2470,3078.0,382,NOTHING
02:54:34,SP-FUTURE,3077.0,2470,3078.0,382,NOTHING
02:54:35,SP-FUTURE,3077.0,2470,3078.0,382,NOTHING
02:54:37,SP-FUTURE,3077.0,2120,3077.0,732,NOTHING
02:54:37,SP-FUTURE,3077.0,2126,3077.0,726,NOTHING
02:54:38,SP-FUTURE,3080.0,2319,3080.0,533,NOTHING
02:54:39,SP-FUTURE,3080.0,490,3080.0,2362,NOTHING
02:54:39,SP-FUTURE,3080.0,1688,3080.0,1164,NOTHING
02:54:40,SP-FUTURE,3080.0,1229,3080.0,1623,NOTHING
02:54:40,SP-FUTURE,3080.0,1071,3081.0,1781,NOTHING
02:54:41,SP-FUTURE,3080.0,1250,3081.0,1602,NOTHING
02:54:42,SP-FUTURE,3081.0,1618,3081.0,1234,NOTHING
02:54:42,SP-FUTURE,3082.0,2368,3082.0,484,NOTHING
02:54:44,SP-FUTURE,3082.0,2351,3082.0,501,NOTHING
02:54:44,SP-FUTURE,3082.0,1753,3082.0,1099,NOTHING
02:54:44,SP-FUTURE,3082.0,1570,3083.0,1282,NOTHING
02:54:45,SP-FUTURE,3082.0,2735,3083.0,117,NOTHING
02:54:46,SP-FUTURE,3082.0,2594,3082.0,258,NOTHING
02:54:48,SP-FUTURE,3084.0,1020,3084.0,1832,NOTHING
02:54:48,SP-FUTURE,3084.0,1500,3084.0,1352,NOTHING
02:54:49,SP-FUTURE,3084.0,1188,3084.0,1664,NOTHING
02:54:50,SP-FUTURE,3084.0,218,3084.0,2634,NOTHING
02:54:50,SP-FUTURE,3084.0,2558,3084.0,294,NOTHING
02:54:50,SP-FUTURE,3084.0,1586,3084.0,1266,NOTHING
02:54:52,SP-FUTURE,3084.0,1472,3084.0,1380,NOTHING
02:54:53,SP-FUTURE,3084.0,2053,3084.0,799,NOTHING
02:54:54,SP-FUTURE,3084.0,1167,3085.0,1685,NOTHING
02:54:54,SP-FUTURE,3084.0,2214,3085.0,638,NOTHING
02:54:55,SP-FUTURE,3084.0,2203,3085.0,649,NOTHING
02:54:55,SP-FUTURE,3085.0,631,3085.0,2221,NOTHING
02:54:58,SP-FUTURE,3085.0,744,3085.0,2108,NOTHING
02:54:58,SP-FUTURE,3084.0,1332,3084.0,1520,NOTHING
02:55:01,SP-FUTURE,3084.0,1000,3084.0,1852,NOTHING
02:55:02,SP-FUTURE,3084.0,1742,3084.0,1110,NOTHING
02:55:03,SP-FUTURE,3084.0,1048,3084.0,1804,NOTHING
02:55:03,SP-FUTURE,3084.0,1287,3084.0,1565,NOTHING
02:55:04,SP-FUTURE,3084.0,1278,3084.0,1574,NOTHING
02:55:04,SP-FUTURE,3084.0,1230,3084.0,1622,NOTHING
02:55:06,SP-FUTURE,3084.0,1720,3084.0,1132,NOTHING
02:55:07,SP-FUTURE,3084.0,2124,3084.0,728,NOTHING
02:55:09,SP-FUTURE,3083.0,2542,3083.0,310,NOTHING
02:55:10,SP-FUTURE,3083.0,97,3083.0,2755,NOTHING
02:55:12,SP-FUTURE,3083.0,2502,3083.0,350,NOTHING
02:55:13,SP-FUTURE,3083.0,1898,3083.0,954,NOTHING
02:55:14,SP-FUTURE,3082.0,2004,3083.0,848,NOTHING
02:55:15,SP-FUTURE,3082.0,1643,3083.0,1209,NOTHING
02:55:17,SP-FUTURE,3083.0,2482,3083.0,370,NOTHING
02:55:18,SP-FUTURE,3083.0,2580,3083.0,272,NOTHING
02:55:18,SP-FUTURE,3083.0,12,3084.0,2840,NOTHING
02:55:19,SP-FUTURE,3083.0,2826,3083.0,26,NOTHING
02:55:21,SP-FUTURE,3083.0,1544,3084.0,1308,NOTHING
02:55:21,SP-FUTURE,3083.0,1629,3084.0,1223,NOTHING
02:55:23,SP-FUTURE,3084.0,966,3084.0,1886,NOTHING
02:55:24,SP-FUTURE,3084.0,829,3084.0,2023,NOTHING
02:55:26,SP-FUTURE,3084.0,2053,3084.0,799,NOTHING
02:55:26,SP-FUTURE,3084.0,1555,3084.0,1297,NOTHING
02:55:26,SP-FUTURE,3084.0,926,3084.0,1926,NOTHING
02:55:27,SP-FUTURE,3084.0,63,3084.0,2789,NOTHING
02:55:28,SP-FUTURE,3085.0,339,3085.0,2513,NOTHING
02:55:29,SP-FUTURE,3085.0,924,3085.0,1928,NOTHING
02:55:31,SP-FUTURE,3085.0,2276,3085.0,576,NOTHING
02:55:31,SP-FUTURE,3085.0,2575,3085.0,277,NOTHING
02:55:32,SP-FUTURE,3085.0,2585,3085.0,267,NOTHING
02:55:33,SP-FUTURE,3085.0,2718,3085.0,134,NOTHING
02:55:34,SP-FUTURE,3085.0,2692,3085.0,160,NOTHING
02:55:36,SP-FUTURE,3084.0,2690,3084.0,162,NOTHING
02:55:37,SP-FUTURE,3084.0,940,3084.0,1912,NOTHING
02:55:38,SP-FUTURE,3083.0,2484,3083.0,368,NOTHING
02:55:40,SP-FUTURE,3083.0,697,3083.0,2155,NOTHING
02:55:42,SP-FUTURE,3082.0,2413,3083.0,439,NOTHING
02:55:44,SP-FUTURE,3082.0,2584,3082.0,268,NOTHING
02:55:45,SP-FUTURE,3082.0,2662,3082.0,190,NOTHING
02:55:46,SP-FUTURE,3081.0,349,3082.0,2503,NOTHING
02:55:47,SP-FUTURE,3081.0,666,3082.0,2186,NOTHING
02:55:48,SP-FUTURE,3082.0,881,3082.0,1971,NOTHING
02:55:49,SP-FUTURE,3082.0,2014,3083.0,838,NOTHING
02:55:49,SP-FUTURE,3082.0,1704,3083.0,1148,NOTHING
02:55:50,SP-FUTURE,3083.0,81,3083.0,2771,NOTHING
02:55:51,SP-FUTURE,3082.0,1074,3083.0,1778,NOTHING
02:55:51,SP-FUTURE,3082.0,1895,3082.0,957,NOTHING
02:55:51,SP-FUTURE,3082.0,1306,3082.0,1546,NOTHING
02:55:52,SP-FUTURE,3082.0,1296,3082.0,1556,NOTHING
02:55:53,SP-FUTURE,3082.0,1087,3082.0,1765,NOTHING
02:55:55,SP-FUTURE,3082.0,187,3083.0,2665,NOTHING
02:55:55,SP-FUTURE,3082.0,336,3083.0,2516,NOTHING
02:55:56,SP-FUTURE,3082.0,335,3083.0,2517,NOTHING
02:55:57,SP-FUTURE,3082.0,316,3083.0,2536,NOTHING
02:55:57,SP-FUTURE,3082.0,585,3082.0,2267,NOTHING
02:55:58,SP-FUTURE,3081.0,2057,3081.0,795,NOTHING
02:55:58,SP-FUTURE,3081.0,1835,3081.0,1017,NOTHING
02:56:00,SP-FUTURE,3081.0,1829,3081.0,1023,NOTHING
02:56:01,SP-FUTURE,3081.0,565,3081.0,2287,NOTHING
02:56:02,SP-FUTURE,3080.0,726,3080.0,2126,NOTHING
02:56:04,SP-FUTURE,3082.0,208,3082.0,2644,NOTHING
02:56:05,SP-FUTURE,3082.0,269,3082.0,2583,NOTHING
02:56:06,SP-FUTURE,3082.0,255,3082.0,2597,NOTHING
02:56:07,SP-FUTURE,3082.0,2688,3082.0,164,NOTHING
02:56:08,SP-FUTURE,3082.0,2483,3082.0,369,NOTHING
02:56:09,SP-FUTURE,3082.0,759,3082.0,2093,NOTHING
02:56:10,SP-FUTURE,3082.0,666,3082.0,2186,NOTHING
02:56:11,SP-FUTURE,3082.0,656,3082.0,2196,NOTHING
02:56:11,SP-FUTURE,3082.0,625,3082.0,2227,NOTHING
02:56:12,SP-FUTURE,3083.0,2155,3084.0,697,NOTHING
02:56:13,SP-FUTURE,3083.0,307,3084.0,2545,NOTHING
02:56:14,SP-FUTURE,3081.0,2582,3081.0,270,NOTHING
02:56:16,SP-FUTURE,3082.0,2748,3082.0,104,NOTHING
02:56:18,SP-FUTURE,3082.0,2169,3082.0,683,NOTHING
02:56:18,SP-FUTURE,3082.0,1298,3083.0,1554,NOTHING
02:56:20,SP-FUTURE,3082.0,2000,3082.0,852,NOTHING
02:56:21,SP-FUTURE,3082.0,55,3082.0,2797,NOTHING
02:56:22,SP-FUTURE,3082.0,167,3082.0,2685,NOTHING
02:56:23,SP-FUTURE,3081.0,2470,3082.0,382,NOTHING
02:56:24,SP-FUTURE,3083.0,39,3083.0,2813,NOTHING
02:56:26,SP-FUTURE,3083.0,462,3083.0,2390,NOTHING
02:56:27,SP-FUTURE,3083.0,1112,3084.0,1740,NOTHING
02:56:28,SP-FUTURE,3083.0,1004,3084.0,1848,NOTHING
02:56:30,SP-FUTURE,3083.0,920,3084.0,1932,NOTHING
02:56:31,SP-FUTURE,3083.0,180,3084.0,2672,NOTHING
02:56:33,SP-FUTURE,3083.0,189,3084.0,2663,NOTHING
02:56:33,SP-FUTURE,3083.0,1603,3083.0,1249,NOTHING
02:56:34,SP-FUTURE,3083.0,1948,3083.0,904,NOTHING
02:56:35,SP-FUTURE,3083.0,893,3083.0,1959,NOTHING
02:56:36,SP-FUTURE,3083.0,1072,3083.0,1780,NOTHING
02:56:37,SP-FUTURE,3083.0,2327,3083.0,525,NOTHING
02:56:38,SP-FUTURE,3083.0,2326,3083.0,526,NOTHING
02:56:38,SP-FUTURE,3083.0,903,3083.0,1949,NOTHING
02:56:39,SP-FUTURE,3082.0,1040,3082.0,1812,NOTHING
02:56:40,SP-FUTURE,3082.0,1384,3082.0,1468,NOTHING
02:56:41,SP-FUTURE,3082.0,1384,3082.0,1468,NOTHING
02:56:43,SP-FUTURE,3081.0,2498,3081.0,354,NOTHING
02:56:43,SP-FUTURE,3081.0,2828,3081.0,24,NOTHING
02:56:43,SP-FUTURE,3081.0,2798,3081.0,54,NOTHING
02:56:46,SP-FUTURE,3080.0,723,3080.0,2129,NOTHING
02:56:47,SP-FUTURE,3080.0,249,3080.0,2603,NOTHING
02:56:49,SP-FUTURE,3080.0,265,3080.0,2587,NOTHING
02:56:50,SP-FUTURE,3080.0,271,3080.0,2581,NOTHING
02:56:50,SP-FUTURE,3078.0,2546,3078.0,306,NOTHING
02:56:52,SP-FUTURE,3078.0,2563,3078.0,289,NOTHING
02:56:52,SP-FUTURE,3078.0,2305,3078.0,547,NOTHING
02:56:53,SP-FUTURE,3077.0,1573,3077.0,1279,NOTHING
02:56:55,SP-FUTURE,3077.0,1141,3077.0,1711,NOTHING
02:56:56,SP-FUTURE,3077.0,1792,3077.0,1060,NOTHING
02:56:58,SP-FUTURE,3077.0,2013,3077.0,839,NOTHING
02:56:59,SP-FUTURE,3077.0,2235,3077.0,617,NOTHING
02:57:00,SP-FUTURE,3076.0,1795,3076.0,1057,NOTHING
02:57:00,SP-FUTURE,3076.0,378,3076.0,2474,NOTHING
02:57:00,SP-FUTURE,3076.0,672,3076.0,2180,NOTHING
02:57:01,SP-FUTURE,3075.0,2470,3075.0,382,NOTHING
02:57:02,SP-FUTURE,3073.0,363,3074.0,2489,NOTHING
02:57:03,SP-FUTURE,3074.0,1862,3074.0,990,NOTHING
02:57:05,SP-FUTURE,3074.0,2263,3074.0,589,NOTHING
02:57:06,SP-FUTURE,3074.0,2650,3074.0,202,NOTHING
02:57:07,SP-FUTURE,3074.0,2076,3074.0,776,NOTHING
02:57:07,SP-FUTURE,3074.0,380,3074.0,2472,NOTHING
02:57:08,SP-FUTURE,3074.0,1314,3074.0,1538,NOTHING
02:57:09,SP-FUTURE,3075.0,192,3076.0,2660,NOTHING
02:57:11,SP-FUTURE,3075.0,565,3075.0,2287,NOTHING
02:57:12,SP-FUTURE,3074.0,2488,3074.0,364,NOTHING
02:57:13,SP-FUTURE,3074.0,2805,3074.0,47,NOTHING
02:57:15,SP-FUTURE,3074.0,2586,3074.0,266,NOTHING
02:57:16,SP-FUTURE,3075.0,2081,3075.0,771,NOTHING
02:57:16,SP-FUTURE,3075.0,2151,3075.0,701,NOTHING
02:57:17,SP-FUTURE,3078.0,1895,3079.0,957,NOTHING
02:57:18,SP-FUTURE,3078.0,2308,3079.0,544,NOTHING
02:57:20,SP-FUTURE,3079.0,1349,3079.0,1503,NOTHING
02:57:20,SP-FUTURE,3078.0,1574,3078.0,1278,NOTHING
02:57:22,SP-FUTURE,3078.0,951,3078.0,1901,NOTHING
02:57:23,SP-FUTURE,3078.0,1591,3078.0,1261,NOTHING
02:57:24,SP-FUTURE,3078.0,1633,3078.0,1219,NOTHING
02:57:25,SP-FUTURE,3078.0,694,3078.0,2158,NOTHING
02:57:26,SP-FUTURE,3078.0,2434,3078.0,418,NOTHING
02:57:26,SP-FUTURE,3078.0,2428,3078.0,424,NOTHING
02:57:26,SP-FUTURE,3078.0,1945,3078.0,907,NOTHING
02:57:27,SP-FUTURE,3078.0,295,3078.0,2557,NOTHING
02:57:28,SP-FUTURE,3078.0,2188,3078.0,664,NOTHING
02:57:30,SP-FUTURE,3078.0,438,3078.0,2414,NOTHING
02:57:31,SP-FUTURE,3078.0,462,3078.0,2390,NOTHING
02:57:32,SP-FUTURE,3078.0,60,3078.0,2792,NOTHING
02:57:32,SP-FUTURE,3077.0,2234,3078.0,618,NOTHING
02:57:34,SP-FUTURE,3077.0,2393,3078.0,459,NOTHING
02:57:35,SP-FUTURE,3077.0,2449,3078.0,403,NOTHING
02:57:36,SP-FUTURE,3078.0,75,3078.0,2777,NOTHING
02:57:37,SP-FUTURE,3078.0,391,3078.0,2461,NOTHING
02:57:38,SP-FUTURE,3078.0,143,3078.0,2709,NOTHING
02:57:40,SP-FUTURE,3077.0,499,3077.0,2353,NOTHING
02:57:40,SP-FUTURE,3077.0,1482,3077.0,1370,NOTHING
02:57:41,SP-FUTURE,3077.0,1321,3077.0,1531,NOTHING
02:57:42,SP-FUTURE,3077.0,1854,3077.0,998,NOTHING
02:57:43,SP-FUTURE,3077.0,1884,3077.0,968,NOTHING
02:57:44,SP-FUTURE,3077.0,1884,3077.0,968,NOTHING
02:57:45,SP-FUTURE,3077.0,2111,3077.0,741,NOTHING
02:57:47,SP-FUTURE,3077.0,1759,3077.0,1093,NOTHING
02:57:48,SP-FUTURE,3077.0,2750,3077.0,102,NOTHING
02:57:48,SP-FUTURE,3077.0,2607,3077.0,245,NOTHING
02:57:49,SP-FUTURE,3077.0,1729,3077.0,1123,NOTHING
02:57:49,SP-FUTURE,3077.0,766,3078.0,2086,NOTHING
02:57:50,SP-FUTURE,3078.0,2627,3078.0,225,NOTHING
02:57:51,SP-FUTURE,3077.0,1139,3077.0,1713,NOTHING
02:57:52,SP-FUTURE,3077.0,2056,3077.0,796,NOTHING
02:57:53,SP-FUTURE,3078.0,1627,3078.0,1225,NOTHING
02:57:54,SP-FUTURE,3078.0,1450,3078.0,1402,NOTHING
02:57:55,SP-FUTURE,3078.0,1289,3078.0,1563,NOTHING
02:57:56,SP-FUTURE,3078.0,1521,3078.0,1331,NOTHING
02:57:56,SP-FUTURE,3079.0,477,3079.0,2375,NOTHING
02:57:57,SP-FUTURE,3079.0,1766,3079.0,1086,NOTHING
02:57:58,SP-FUTURE,3079.0,1766,3079.0,1086,NOTHING
02:57:58,SP-FUTURE,3079.0,255,3079.0,2597,NOTHING
02:58:00,SP-FUTURE,3079.0,300,3079.0,2552,NOTHING
02:58:02,SP-FUTURE,3079.0,968,3079.0,1884,NOTHING
02:58:03,SP-FUTURE,3079.0,629,3079.0,2223,NOTHING
02:58:04,SP-FUTURE,3078.0,2745,3079.0,107,NOTHING
02:58:04,SP-FUTURE,3078.0,2844,3079.0,8,NOTHING
02:58:05,SP-FUTURE,3079.0,374,3079.0,2478,NOTHING
02:58:06,SP-FUTURE,3078.0,2326,3078.0,526,NOTHING
02:58:07,SP-FUTURE,3078.0,2324,3078.0,528,NOTHING
02:58:08,SP-FUTURE,3078.0,2343,3078.0,509,NOTHING
02:58:09,SP-FUTURE,3076.0,359,3076.0,2493,NOTHING
02:58:09,SP-FUTURE,3076.0,262,3076.0,2590,NOTHING
02:58:10,SP-FUTURE,3076.0,171,3076.0,2681,NOTHING
02:58:12,SP-FUTURE,3076.0,549,3076.0,2303,NOTHING
02:58:14,SP-FUTURE,3076.0,1300,3076.0,1552,NOTHING
02:58:15,SP-FUTURE,3076.0,583,3076.0,2269,NOTHING
02:58:17,SP-FUTURE,3075.0,2586,3076.0,266,NOTHING
02:58:18,SP-FUTURE,3075.0,2551,3076.0,301,NOTHING
02:58:19,SP-FUTURE,3075.0,14,3076.0,2838,NOTHING
02:58:20,SP-FUTURE,3076.0,1268,3076.0,1584,NOTHING
02:58:22,SP-FUTURE,3076.0,753,3077.0,2099,NOTHING
02:58:23,SP-FUTURE,3077.0,1172,3077.0,1680,NOTHING
02:58:24,SP-FUTURE,3077.0,1055,3077.0,1797,NOTHING
02:58:25,SP-FUTURE,3077.0,1368,3077.0,1484,NOTHING
02:58:25,SP-FUTURE,3077.0,2780,3077.0,72,NOTHING
02:58:26,SP-FUTURE,3077.0,606,3078.0,2246,NOTHING
02:58:27,SP-FUTURE,3079.0,2001,3079.0,851,NOTHING
02:58:27,SP-FUTURE,3079.0,2599,3079.0,253,NOTHING
02:58:27,SP-FUTURE,3079.0,16,3080.0,2836,NOTHING
02:58:29,SP-FUTURE,3079.0,2552,3079.0,300,NOTHING
02:58:30,SP-FUTURE,3079.0,2298,3079.0,554,NOTHING
02:58:31,SP-FUTURE,3079.0,26,3080.0,2826,NOTHING
02:58:32,SP-FUTURE,3079.0,2827,3079.0,25,NOTHING
02:58:33,SP-FUTURE,3079.0,1474,3080.0,1378,NOTHING
02:58:35,SP-FUTURE,3079.0,1951,3080.0,901,NOTHING
02:58:36,SP-FUTURE,3079.0,2702,3080.0,150,NOTHING
02:58:36,SP-FUTURE,3080.0,1791,3080.0,1061,NOTHING
02:58:38,SP-FUTURE,3080.0,2842,3080.0,10,NOTHING
02:58:39,SP-FUTURE,3080.0,638,3080.0,2214,NOTHING
02:58:41,SP-FUTURE,3080.0,1243,3080.0,1609,NOTHING
02:58:42,SP-FUTURE,3080.0,2763,3080.0,89,NOTHING
02:58:42,SP-FUTURE,3080.0,2709,3080.0,143,NOTHING
02:58:44,SP-FUTURE,3080.0,305,3080.0,2547,NOTHING
02:58:45,SP-FUTURE,3080.0,1610,3080.0,1242,NOTHING
02:58:46,SP-FUTURE,3080.0,1541,3080.0,1311,NOTHING
02:58:47,SP-FUTURE,3082.0,2188,3082.0,664,NOTHING
02:58:47,SP-FUTURE,3081.0,1020,3082.0,1832,NOTHING
02:58:48,SP-FUTURE,3081.0,1035,3082.0,1817,NOTHING
02:58:49,SP-FUTURE,3081.0,935,3082.0,1917,NOTHING
02:58:50,SP-FUTURE,3081.0,591,3082.0,2261,NOTHING
02:58:51,SP-FUTURE,3082.0,274,3082.0,2578,NOTHING
02:58:53,SP-FUTURE,3081.0,2726,3081.0,126,NOTHING
02:58:54,SP-FUTURE,3081.0,2749,3081.0,103,NOTHING
02:58:56,SP-FUTURE,3081.0,1635,3081.0,1217,NOTHING
02:58:57,SP-FUTURE,3081.0,1110,3082.0,1742,NOTHING
02:58:58,SP-FUTURE,3081.0,1618,3082.0,1234,NOTHING
02:59:00,SP-FUTURE,3081.0,1693,3082.0,1159,NOTHING
02:59:01,SP-FUTURE,3081.0,1269,3082.0,1583,NOTHING
02:59:02,SP-FUTURE,3081.0,2107,3081.0,745,NOTHING
02:59:03,SP-FUTURE,3081.0,2315,3081.0,537,NOTHING
02:59:04,SP-FUTURE,3081.0,2745,3081.0,107,NOTHING
02:59:05,SP-FUTURE,3081.0,1438,3081.0,1414,NOTHING
02:59:06,SP-FUTURE,3081.0,82,3081.0,2770,NOTHING
02:59:07,SP-FUTURE,3081.0,1058,3081.0,1794,NOTHING
02:59:07,SP-FUTURE,3081.0,1069,3081.0,1783,NOTHING
02:59:08,SP-FUTURE,3081.0,18,3081.0,2834,NOTHING
02:59:10,SP-FUTURE,3080.0,2826,3081.0,26,NOTHING
02:59:10,SP-FUTURE,3080.0,1760,3081.0,1092,NOTHING
02:59:12,SP-FUTURE,3080.0,1694,3081.0,1158,NOTHING
02:59:12,SP-FUTURE,3080.0,1045,3081.0,1807,NOTHING
02:59:13,SP-FUTURE,3080.0,1019,3081.0,1833,NOTHING
02:59:13,SP-FUTURE,3080.0,1361,3081.0,1491,NOTHING
02:59:15,SP-FUTURE,3080.0,1285,3080.0,1567,NOTHING
02:59:17,SP-FUTURE,3080.0,346,3080.0,2506,NOTHING
02:59:18,SP-FUTURE,3080.0,395,3080.0,2457,NOTHING
02:59:19,SP-FUTURE,3080.0,289,3080.0,2563,NOTHING
02:59:21,SP-FUTURE,3080.0,1505,3080.0,1347,NOTHING
02:59:22,SP-FUTURE,3080.0,736,3080.0,2116,NOTHING
02:59:23,SP-FUTURE,3080.0,753,3080.0,2099,NOTHING
02:59:24,SP-FUTURE,3082.0,779,3083.0,2073,NOTHING
02:59:25,SP-FUTURE,3082.0,1547,3083.0,1305,NOTHING
02:59:26,SP-FUTURE,3082.0,2510,3083.0,342,NOTHING
02:59:27,SP-FUTURE,3082.0,1534,3082.0,1318,NOTHING
02:59:28,SP-FUTURE,3082.0,1550,3082.0,1302,NOTHING
02:59:28,SP-FUTURE,3082.0,66,3082.0,2786,NOTHING
02:59:29,SP-FUTURE,3082.0,1420,3082.0,1432,NOTHING
02:59:30,SP-FUTURE,3082.0,216,3082.0,2636,NOTHING
02:59:32,SP-FUTURE,3082.0,224,3082.0,2628,NOTHING
02:59:32,SP-FUTURE,3082.0,2126,3082.0,726,NOTHING
02:59:34,SP-FUTURE,3082.0,1792,3082.0,1060,NOTHING
02:59:35,SP-FUTURE,3082.0,2632,3082.0,220,NOTHING
02:59:37,SP-FUTURE,3082.0,1758,3082.0,1094,NOTHING
02:59:39,SP-FUTURE,3080.0,2294,3081.0,558,NOTHING
02:59:40,SP-FUTURE,3082.0,531,3082.0,2321,NOTHING
02:59:41,SP-FUTURE,3082.0,155,3082.0,2697,NOTHING
02:59:42,SP-FUTURE,3082.0,1713,3082.0,1139,NOTHING
02:59:44,SP-FUTURE,3082.0,1366,3082.0,1486,NOTHING
02:59:45,SP-FUTURE,3082.0,702,3082.0,2150,NOTHING
02:59:45,SP-FUTURE,3080.0,1479,3080.0,1373,NOTHING
02:59:46,SP-FUTURE,3080.0,668,3080.0,2184,NOTHING
02:59:48,SP-FUTURE,3080.0,1107,3080.0,1745,NOTHING
02:59:51,SP-FUTURE,3081.0,2825,3081.0,27,NOTHING
02:59:51,SP-FUTURE,3080.0,1182,3081.0,1670,NOTHING
02:59:52,SP-FUTURE,3080.0,356,3081.0,2496,NOTHING
02:59:52,SP-FUTURE,3080.0,2319,3080.0,533,NOTHING
02:59:53,SP-FUTURE,3080.0,413,3081.0,2439,NOTHING
02:59:55,SP-FUTURE,3080.0,931,3081.0,1921,NOTHING
02:59:55,SP-FUTURE,3081.0,2036,3081.0,816,NOTHING
02:59:57,SP-FUTURE,3081.0,1770,3081.0,1082,NOTHING
02:59:58,SP-FUTURE,3081.0,2332,3081.0,520,NOTHING
02:59:59,SP-FUTURE,3081.0,968,3082.0,1884,NOTHING
03:00:00,SP-FUTURE,3081.0,320,3082.0,2532,NOTHING
03:00:01,SP-FUTURE,3081.0,967,3082.0,1885,NOTHING
03:00:01,SP-FUTURE,3081.0,2742,3081.0,110,NOTHING
03:00:03,SP-FUTURE,3080.0,677,3080.0,2175,NOTHING
03:00:05,SP-FUTURE,3080.0,518,3080.0,2334,NOTHING
03:00:07,SP-FUTURE,3080.0,1471,3080.0,1381,NOTHING
03:00:08,SP-FUTURE,3080.0,1602,3080.0,1250,NOTHING
03:00:08,SP-FUTURE,3080.0,156,3080.0,2696,NOTHING
03:00:10,SP-FUTURE,3080.0,570,3080.0,2282,NOTHING
