Timestamp,Instrument,Bid Price,Bid Volume,Ask Price,Ask Volume,TODO
11:43:52,SP-FUTURE,2865.0,3530,2865.0,48,NOTHING
11:43:53,SP-FUTURE,2865.0,1944,2866.0,1634,NOTHING
11:43:53,SP-FUTURE,2865.0,1758,2866.0,1820,NOTHING
11:43:55,SP-FUTURE,2865.0,2028,2866.0,1550,NOTHING
11:43:56,SP-FUTURE,2865.0,2483,2866.0,1095,NOTHING
11:43:57,SP-FUTURE,2865.0,341,2865.0,3237,NOTHING
11:43:58,SP-FUTURE,2865.0,1830,2865.0,1748,NOTHING
11:43:59,SP-FUTURE,2865.0,2061,2865.0,1517,NOTHING
11:44:00,SP-FUTURE,2865.0,3165,2865.0,413,NOTHING
11:44:01,SP-FUTURE,2865.0,79,2865.0,3499,NOTHING
11:44:01,SP-FUTURE,2865.0,1247,2865.0,2331,NOTHING
11:44:02,SP-FUTURE,2865.0,1628,2865.0,1950,NOTHING
11:44:03,SP-FUTURE,2865.0,2691,2865.0,887,NOTHING
11:44:04,SP-FUTURE,2865.0,1603,2865.0,1975,NOTHING
11:44:06,SP-FUTURE,2865.0,40,2866.0,3538,NOTHING
11:44:07,SP-FUTURE,2865.0,791,2866.0,2787,NOTHING
11:44:07,SP-FUTURE,2865.0,2678,2866.0,900,NOTHING
11:44:07,SP-FUTURE,2865.0,2399,2866.0,1179,NOTHING
11:44:09,SP-FUTURE,2865.0,2398,2866.0,1180,NOTHING
11:44:10,SP-FUTURE,2865.0,1504,2866.0,2074,NOTHING
11:44:11,SP-FUTURE,2866.0,544,2866.0,3034,NOTHING
11:44:13,SP-FUTURE,2865.0,3573,2866.0,5,NOTHING
11:44:15,SP-FUTURE,2866.0,3113,2866.0,465,NOTHING
11:44:17,SP-FUTURE,2866.0,397,2866.0,3181,NOTHING
11:44:19,SP-FUTURE,2866.0,1788,2867.0,1790,NOTHING
11:44:20,SP-FUTURE,2866.0,3420,2867.0,158,NOTHING
11:44:20,SP-FUTURE,2866.0,2941,2867.0,637,NOTHING
11:44:20,SP-FUTURE,2866.0,2818,2867.0,760,NOTHING
11:44:22,SP-FUTURE,2866.0,3220,2867.0,358,NOTHING
11:44:23,SP-FUTURE,2866.0,2232,2867.0,1346,NOTHING
11:44:23,SP-FUTURE,2867.0,1019,2867.0,2559,NOTHING
11:44:24,SP-FUTURE,2867.0,2683,2867.0,895,NOTHING
11:44:25,SP-FUTURE,2867.0,3005,2867.0,573,NOTHING
11:44:26,SP-FUTURE,2866.0,3471,2866.0,107,NOTHING
11:44:27,SP-FUTURE,2866.0,40,2866.0,3538,NOTHING
11:44:28,SP-FUTURE,2866.0,3453,2866.0,125,NOTHING
11:44:29,SP-FUTURE,2866.0,253,2866.0,3325,NOTHING
11:44:30,SP-FUTURE,2866.0,2036,2866.0,1542,NOTHING
11:44:31,SP-FUTURE,2866.0,2719,2866.0,859,NOTHING
11:44:32,SP-FUTURE,2866.0,2538,2866.0,1040,NOTHING
11:44:33,SP-FUTURE,2866.0,2307,2866.0,1271,NOTHING
11:44:35,SP-FUTURE,2866.0,462,2866.0,3116,NOTHING
11:44:35,SP-FUTURE,2866.0,1414,2866.0,2164,NOTHING
11:44:36,SP-FUTURE,2867.0,848,2867.0,2730,NOTHING
11:44:37,SP-FUTURE,2867.0,3228,2867.0,350,NOTHING
11:44:38,SP-FUTURE,2867.0,1896,2867.0,1682,NOTHING
11:44:40,SP-FUTURE,2867.0,929,2867.0,2649,NOTHING
11:44:41,SP-FUTURE,2867.0,459,2867.0,3119,NOTHING
11:44:41,SP-FUTURE,2867.0,331,2867.0,3247,NOTHING
11:44:41,SP-FUTURE,2867.0,3518,2867.0,60,NOTHING
11:44:43,SP-FUTURE,2867.0,3480,2867.0,98,NOTHING
11:44:43,SP-FUTURE,2867.0,1465,2867.0,2113,NOTHING
11:44:45,SP-FUTURE,2867.0,901,2867.0,2677,NOTHING
11:44:46,SP-FUTURE,2867.0,892,2867.0,2686,NOTHING
11:44:48,SP-FUTURE,2867.0,409,2867.0,3169,NOTHING
11:44:48,SP-FUTURE,2867.0,2809,2867.0,769,NOTHING
11:44:50,SP-FUTURE,2867.0,1283,2868.0,2295,NOTHING
11:44:52,SP-FUTURE,2868.0,2063,2868.0,1515,NOTHING
11:44:54,SP-FUTURE,2868.0,1437,2868.0,2141,NOTHING
11:44:55,SP-FUTURE,2868.0,1277,2868.0,2301,NOTHING
11:44:56,SP-FUTURE,2872.0,1311,2872.0,2267,NOTHING
11:44:58,SP-FUTURE,2867.0,133,2868.0,3445,NOTHING
11:44:59,SP-FUTURE,2867.0,1217,2867.0,2361,NOTHING
11:44:59,SP-FUTURE,2867.0,274,2867.0,3304,NOTHING
11:45:00,SP-FUTURE,2867.0,2863,2867.0,715,NOTHING
11:45:02,SP-FUTURE,2867.0,2680,2867.0,898,NOTHING
11:45:03,SP-FUTURE,2867.0,2816,2867.0,762,NOTHING
11:45:04,SP-FUTURE,2867.0,2473,2868.0,1105,NOTHING
11:45:05,SP-FUTURE,2868.0,920,2868.0,2658,NOTHING
11:45:05,SP-FUTURE,2868.0,1384,2868.0,2194,NOTHING
11:45:06,SP-FUTURE,2868.0,1087,2868.0,2491,NOTHING
11:45:06,SP-FUTURE,2868.0,642,2868.0,2936,NOTHING
11:45:07,SP-FUTURE,2868.0,418,2868.0,3160,NOTHING
11:45:08,SP-FUTURE,2868.0,1462,2868.0,2116,NOTHING
11:45:09,SP-FUTURE,2868.0,1744,2868.0,1834,NOTHING
11:45:09,SP-FUTURE,2868.0,739,2868.0,2839,NOTHING
11:45:11,SP-FUTURE,2868.0,672,2868.0,2906,NOTHING
11:45:11,SP-FUTURE,2868.0,2171,2868.0,1407,NOTHING
11:45:13,SP-FUTURE,2868.0,2419,2868.0,1159,NOTHING
11:45:13,SP-FUTURE,2869.0,3253,2869.0,325,NOTHING
11:45:14,SP-FUTURE,2868.0,3389,2869.0,189,NOTHING
11:45:15,SP-FUTURE,2868.0,3351,2869.0,227,NOTHING
11:45:16,SP-FUTURE,2869.0,1951,2869.0,1627,NOTHING
11:45:17,SP-FUTURE,2869.0,108,2869.0,3470,NOTHING
11:45:18,SP-FUTURE,2869.0,286,2869.0,3292,NOTHING
11:45:19,SP-FUTURE,2867.0,3310,2867.0,268,NOTHING
11:45:20,SP-FUTURE,2868.0,1468,2868.0,2110,NOTHING
11:45:22,SP-FUTURE,2868.0,3156,2868.0,422,NOTHING
11:45:23,SP-FUTURE,2868.0,2646,2868.0,932,NOTHING
11:45:23,SP-FUTURE,2868.0,2220,2868.0,1358,NOTHING
11:45:24,SP-FUTURE,2868.0,373,2869.0,3205,NOTHING
11:45:25,SP-FUTURE,2868.0,2233,2868.0,1345,NOTHING
11:45:27,SP-FUTURE,2868.0,2449,2868.0,1129,NOTHING
11:45:28,SP-FUTURE,2868.0,1389,2868.0,2189,NOTHING
11:45:29,SP-FUTURE,2868.0,1377,2868.0,2201,NOTHING
11:45:30,SP-FUTURE,2867.0,3454,2868.0,124,NOTHING
11:45:32,SP-FUTURE,2867.0,2925,2868.0,653,NOTHING
11:45:33,SP-FUTURE,2867.0,182,2867.0,3396,NOTHING
11:45:34,SP-FUTURE,2867.0,2813,2867.0,765,NOTHING
11:45:35,SP-FUTURE,2867.0,1409,2867.0,2169,NOTHING
11:45:36,SP-FUTURE,2867.0,2332,2868.0,1246,NOTHING
11:45:37,SP-FUTURE,2869.0,1001,2869.0,2577,NOTHING
11:45:38,SP-FUTURE,2869.0,1456,2869.0,2122,NOTHING
11:45:39,SP-FUTURE,2868.0,625,2868.0,2953,NOTHING
11:45:40,SP-FUTURE,2868.0,397,2868.0,3181,NOTHING
11:45:41,SP-FUTURE,2868.0,575,2868.0,3003,NOTHING
11:45:42,SP-FUTURE,2868.0,582,2868.0,2996,NOTHING
11:45:44,SP-FUTURE,2867.0,2855,2867.0,723,NOTHING
11:45:45,SP-FUTURE,2867.0,3540,2867.0,38,NOTHING
11:45:46,SP-FUTURE,2867.0,2843,2867.0,735,NOTHING
11:45:48,SP-FUTURE,2867.0,193,2867.0,3385,NOTHING
11:45:48,SP-FUTURE,2867.0,228,2867.0,3350,NOTHING
11:45:50,SP-FUTURE,2867.0,619,2867.0,2959,NOTHING
11:45:51,SP-FUTURE,2867.0,1495,2867.0,2083,NOTHING
11:45:52,SP-FUTURE,2867.0,2486,2867.0,1092,NOTHING
11:45:52,SP-FUTURE,2867.0,2805,2867.0,773,NOTHING
11:45:53,SP-FUTURE,2867.0,1688,2867.0,1890,NOTHING
11:45:54,SP-FUTURE,2868.0,3191,2869.0,387,NOTHING
11:45:55,SP-FUTURE,2868.0,1095,2868.0,2483,NOTHING
11:45:56,SP-FUTURE,2868.0,1095,2868.0,2483,NOTHING
11:45:58,SP-FUTURE,2869.0,3402,2869.0,176,NOTHING
11:45:59,SP-FUTURE,2868.0,1325,2869.0,2253,NOTHING
11:46:00,SP-FUTURE,2868.0,2176,2868.0,1402,BUY
11:46:01,SP-FUTURE,2867.0,1722,2868.0,1856,BUY
11:46:02,SP-FUTURE,2868.0,386,2868.0,3192,BUY
11:46:03,SP-FUTURE,2867.0,3526,2868.0,52,BUY
11:46:04,SP-FUTURE,2867.0,3527,2868.0,51,BUY
11:46:04,SP-FUTURE,2867.0,1344,2867.0,2234,BUY
11:46:06,SP-FUTURE,2867.0,1434,2867.0,2144,BUY
11:46:06,SP-FUTURE,2867.0,1402,2867.0,2176,BUY
11:46:07,SP-FUTURE,2867.0,1182,2867.0,2396,BUY
11:46:09,SP-FUTURE,2867.0,1430,2868.0,2148,BUY
11:46:10,SP-FUTURE,2867.0,1246,2868.0,2332,BUY
11:46:11,SP-FUTURE,2867.0,1231,2868.0,2347,BUY
11:46:11,SP-FUTURE,2867.0,2163,2868.0,1415,BUY
11:46:11,SP-FUTURE,2867.0,1154,2867.0,2424,BUY
11:46:13,SP-FUTURE,2867.0,2137,2867.0,1441,BUY
11:46:14,SP-FUTURE,2867.0,1439,2868.0,2139,BUY
11:46:15,SP-FUTURE,2867.0,2249,2868.0,1329,BUY
11:46:15,SP-FUTURE,2867.0,1818,2868.0,1760,BUY
11:46:16,SP-FUTURE,2867.0,2330,2867.0,1248,BUY
11:46:18,SP-FUTURE,2869.0,644,2869.0,2934,BUY
11:46:18,SP-FUTURE,2868.0,2237,2868.0,1341,BUY
11:46:19,SP-FUTURE,2868.0,619,2869.0,2959,BUY
11:46:20,SP-FUTURE,2868.0,2276,2869.0,1302,BUY
11:46:22,SP-FUTURE,2868.0,1683,2869.0,1895,BUY
11:46:22,SP-FUTURE,2869.0,122,2869.0,3456,BUY
11:46:23,SP-FUTURE,2868.0,336,2868.0,3242,BUY
11:46:24,SP-FUTURE,2868.0,196,2868.0,3382,BUY
11:46:25,SP-FUTURE,2867.0,1833,2868.0,1745,BUY
11:46:25,SP-FUTURE,2867.0,2781,2867.0,797,BUY
11:46:26,SP-FUTURE,2866.0,1718,2867.0,1860,BUY
11:46:27,SP-FUTURE,2866.0,1805,2867.0,1773,BUY
11:46:27,SP-FUTURE,2866.0,1877,2867.0,1701,BUY
11:46:28,SP-FUTURE,2866.0,1994,2867.0,1584,BUY
11:46:29,SP-FUTURE,2869.0,219,2869.0,3359,BUY
11:46:30,SP-FUTURE,2868.0,1772,2868.0,1806,BUY
11:46:31,SP-FUTURE,2868.0,3417,2868.0,161,BUY
11:46:32,SP-FUTURE,2868.0,3367,2868.0,211,BUY
11:46:33,SP-FUTURE,2868.0,2868,2868.0,710,BUY
11:46:34,SP-FUTURE,2867.0,1039,2867.0,2539,BUY
11:46:34,SP-FUTURE,2868.0,2427,2868.0,1151,BUY
11:46:35,SP-FUTURE,2868.0,2452,2868.0,1126,BUY
11:46:36,SP-FUTURE,2868.0,1189,2868.0,2389,BUY
11:46:37,SP-FUTURE,2868.0,1083,2868.0,2495,BUY
11:46:38,SP-FUTURE,2868.0,1129,2868.0,2449,BUY
11:46:39,SP-FUTURE,2868.0,972,2868.0,2606,BUY
11:46:40,SP-FUTURE,2868.0,1669,2868.0,1909,BUY
11:46:40,SP-FUTURE,2868.0,1159,2868.0,2419,BUY
11:46:40,SP-FUTURE,2867.0,972,2867.0,2606,BUY
11:46:42,SP-FUTURE,2867.0,900,2867.0,2678,BUY
11:46:43,SP-FUTURE,2867.0,1381,2867.0,2197,BUY
11:46:45,SP-FUTURE,2867.0,2567,2867.0,1011,BUY
11:46:46,SP-FUTURE,2867.0,3123,2867.0,455,BUY
11:46:47,SP-FUTURE,2868.0,1600,2869.0,1978,BUY
11:46:47,SP-FUTURE,2869.0,1864,2869.0,1714,BUY
11:46:49,SP-FUTURE,2869.0,832,2869.0,2746,BUY
11:46:49,SP-FUTURE,2868.0,3122,2869.0,456,BUY
11:46:50,SP-FUTURE,2869.0,979,2869.0,2599,BUY
11:46:51,SP-FUTURE,2869.0,1920,2869.0,1658,BUY
11:46:52,SP-FUTURE,2869.0,1264,2869.0,2314,BUY
11:46:52,SP-FUTURE,2869.0,2372,2869.0,1206,BUY
11:46:52,SP-FUTURE,2869.0,2053,2869.0,1525,BUY
11:46:53,SP-FUTURE,2869.0,892,2869.0,2686,BUY
11:46:54,SP-FUTURE,2869.0,892,2869.0,2686,BUY
11:46:55,SP-FUTURE,2869.0,883,2869.0,2695,BUY
11:46:56,SP-FUTURE,2869.0,3295,2869.0,283,BUY
11:46:57,SP-FUTURE,2869.0,35,2869.0,3543,BUY
11:46:58,SP-FUTURE,2868.0,2477,2868.0,1101,BUY
11:46:59,SP-FUTURE,2868.0,1030,2868.0,2548,BUY
11:47:00,SP-FUTURE,2869.0,2454,2869.0,1124,NOTHING
11:47:01,SP-FUTURE,2869.0,1569,2870.0,2009,NOTHING
11:47:02,SP-FUTURE,2870.0,3032,2870.0,546,NOTHING
11:47:03,SP-FUTURE,2871.0,424,2871.0,3154,NOTHING
11:47:03,SP-FUTURE,2871.0,2699,2871.0,879,NOTHING
11:47:03,SP-FUTURE,2871.0,3405,2871.0,173,NOTHING
11:47:05,SP-FUTURE,2872.0,2965,2872.0,613,NOTHING
11:47:05,SP-FUTURE,2872.0,607,2872.0,2971,NOTHING
11:47:06,SP-FUTURE,2872.0,808,2872.0,2770,NOTHING
11:47:06,SP-FUTURE,2872.0,3509,2872.0,69,NOTHING
11:47:07,SP-FUTURE,2872.0,3019,2872.0,559,NOTHING
11:47:08,SP-FUTURE,2871.0,119,2872.0,3459,NOTHING
11:47:09,SP-FUTURE,2871.0,2652,2871.0,926,NOTHING
11:47:11,SP-FUTURE,2872.0,676,2872.0,2902,NOTHING
11:47:12,SP-FUTURE,2872.0,23,2872.0,3555,NOTHING
11:47:12,SP-FUTURE,2872.0,2395,2872.0,1183,NOTHING
11:47:13,SP-FUTURE,2871.0,2821,2872.0,757,NOTHING
11:47:15,SP-FUTURE,2871.0,2817,2872.0,761,NOTHING
11:47:16,SP-FUTURE,2870.0,1916,2871.0,1662,NOTHING
11:47:17,SP-FUTURE,2873.0,241,2874.0,3337,NOTHING
11:47:18,SP-FUTURE,2873.0,2068,2873.0,1510,NOTHING
11:47:19,SP-FUTURE,2873.0,1641,2873.0,1937,NOTHING
11:47:21,SP-FUTURE,2875.0,3297,2875.0,281,NOTHING
11:47:21,SP-FUTURE,2875.0,1756,2876.0,1822,NOTHING
11:47:23,SP-FUTURE,2876.0,981,2876.0,2597,NOTHING
11:47:23,SP-FUTURE,2877.0,13,2877.0,3565,NOTHING
11:47:24,SP-FUTURE,2877.0,1040,2877.0,2538,NOTHING
11:47:25,SP-FUTURE,2877.0,3142,2877.0,436,NOTHING
11:47:26,SP-FUTURE,2876.0,3081,2877.0,497,NOTHING
11:47:27,SP-FUTURE,2876.0,2365,2877.0,1213,NOTHING
11:47:28,SP-FUTURE,2877.0,556,2877.0,3022,NOTHING
11:47:30,SP-FUTURE,2877.0,2034,2877.0,1544,NOTHING
11:47:31,SP-FUTURE,2877.0,359,2877.0,3219,NOTHING
11:47:32,SP-FUTURE,2877.0,4,2877.0,3574,NOTHING
11:47:33,SP-FUTURE,2877.0,2358,2877.0,1220,NOTHING
11:47:35,SP-FUTURE,2877.0,2379,2877.0,1199,NOTHING
11:47:36,SP-FUTURE,2877.0,2375,2877.0,1203,NOTHING
11:47:38,SP-FUTURE,2877.0,1187,2877.0,2391,NOTHING
11:47:39,SP-FUTURE,2877.0,1197,2877.0,2381,NOTHING
11:47:39,SP-FUTURE,2877.0,642,2878.0,2936,NOTHING
11:47:40,SP-FUTURE,2881.0,2855,2881.0,723,NOTHING
11:47:42,SP-FUTURE,2882.0,496,2882.0,3082,NOTHING
11:47:43,SP-FUTURE,2881.0,2431,2881.0,1147,NOTHING
11:47:44,SP-FUTURE,2881.0,2882,2881.0,696,NOTHING
11:47:45,SP-FUTURE,2881.0,562,2881.0,3016,NOTHING
11:47:47,SP-FUTURE,2881.0,2909,2881.0,669,NOTHING
11:47:48,SP-FUTURE,2881.0,449,2881.0,3129,NOTHING
11:47:49,SP-FUTURE,2881.0,2223,2881.0,1355,NOTHING
11:47:50,SP-FUTURE,2881.0,98,2881.0,3480,NOTHING
11:47:51,SP-FUTURE,2881.0,427,2881.0,3151,NOTHING
11:47:51,SP-FUTURE,2882.0,1255,2882.0,2323,NOTHING
11:47:53,SP-FUTURE,2882.0,1452,2882.0,2126,NOTHING
11:47:53,SP-FUTURE,2882.0,2403,2882.0,1175,NOTHING
11:47:55,SP-FUTURE,2882.0,2357,2883.0,1221,NOTHING
11:47:56,SP-FUTURE,2882.0,2162,2883.0,1416,NOTHING
11:47:56,SP-FUTURE,2883.0,1515,2884.0,2063,NOTHING
11:47:57,SP-FUTURE,2884.0,2354,2884.0,1224,NOTHING
11:47:58,SP-FUTURE,2884.0,1819,2884.0,1759,NOTHING
11:47:59,SP-FUTURE,2884.0,2945,2884.0,633,NOTHING
11:48:00,SP-FUTURE,2884.0,2986,2884.0,592,SELL
11:48:01,SP-FUTURE,2881.0,2938,2881.0,640,SELL
11:48:02,SP-FUTURE,2880.0,3431,2881.0,147,SELL
11:48:02,SP-FUTURE,2880.0,3551,2881.0,27,SELL
11:48:04,SP-FUTURE,2881.0,1619,2881.0,1959,SELL
11:48:05,SP-FUTURE,2881.0,1799,2881.0,1779,SELL
11:48:06,SP-FUTURE,2877.0,696,2877.0,2882,SELL
11:48:07,SP-FUTURE,2877.0,227,2878.0,3351,SELL
11:48:08,SP-FUTURE,2873.0,451,2873.0,3127,SELL
11:48:10,SP-FUTURE,2873.0,1525,2873.0,2053,SELL
11:48:11,SP-FUTURE,2873.0,1958,2873.0,1620,SELL
11:48:12,SP-FUTURE,2873.0,1995,2873.0,1583,SELL
11:48:13,SP-FUTURE,2873.0,2782,2873.0,796,SELL
11:48:14,SP-FUTURE,2873.0,2135,2873.0,1443,SELL
11:48:15,SP-FUTURE,2873.0,227,2873.0,3351,SELL
11:48:16,SP-FUTURE,2873.0,574,2873.0,3004,SELL
11:48:17,SP-FUTURE,2873.0,857,2873.0,2721,SELL
11:48:18,SP-FUTURE,2873.0,1164,2874.0,2414,SELL
11:48:19,SP-FUTURE,2873.0,3152,2873.0,426,SELL
11:48:20,SP-FUTURE,2873.0,2619,2873.0,959,SELL
11:48:22,SP-FUTURE,2873.0,2854,2873.0,724,SELL
11:48:24,SP-FUTURE,2872.0,2974,2872.0,604,SELL
11:48:25,SP-FUTURE,2872.0,2954,2872.0,624,SELL
11:48:25,SP-FUTURE,2871.0,2919,2872.0,659,SELL
11:48:28,SP-FUTURE,2872.0,603,2872.0,2975,SELL
11:48:30,SP-FUTURE,2872.0,552,2872.0,3026,SELL
11:48:31,SP-FUTURE,2872.0,3131,2872.0,447,SELL
11:48:32,SP-FUTURE,2872.0,2425,2872.0,1153,SELL
11:48:33,SP-FUTURE,2872.0,2403,2872.0,1175,SELL
11:48:33,SP-FUTURE,2872.0,1882,2872.0,1696,SELL
11:48:33,SP-FUTURE,2872.0,1522,2872.0,2056,SELL
11:48:34,SP-FUTURE,2872.0,1318,2872.0,2260,SELL
11:48:35,SP-FUTURE,2872.0,2811,2872.0,767,SELL
11:48:36,SP-FUTURE,2871.0,3356,2871.0,222,SELL
11:48:37,SP-FUTURE,2871.0,477,2871.0,3101,SELL
11:48:39,SP-FUTURE,2871.0,2424,2871.0,1154,SELL
11:48:40,SP-FUTURE,2872.0,1459,2872.0,2119,SELL
11:48:40,SP-FUTURE,2871.0,1133,2872.0,2445,SELL
11:48:42,SP-FUTURE,2871.0,2286,2872.0,1292,SELL
11:48:44,SP-FUTURE,2871.0,3343,2872.0,235,SELL
11:48:45,SP-FUTURE,2872.0,1513,2872.0,2065,SELL
11:48:46,SP-FUTURE,2872.0,1707,2872.0,1871,SELL
11:48:47,SP-FUTURE,2872.0,506,2872.0,3072,SELL
11:48:48,SP-FUTURE,2872.0,1987,2872.0,1591,SELL
11:48:49,SP-FUTURE,2872.0,1393,2872.0,2185,SELL
11:48:50,SP-FUTURE,2874.0,2290,2875.0,1288,SELL
11:48:52,SP-FUTURE,2874.0,2500,2875.0,1078,SELL
11:48:53,SP-FUTURE,2875.0,3339,2875.0,239,SELL
11:48:54,SP-FUTURE,2875.0,3117,2875.0,461,SELL
11:48:56,SP-FUTURE,2874.0,3221,2874.0,357,SELL
11:48:57,SP-FUTURE,2873.0,2477,2874.0,1101,SELL
11:48:57,SP-FUTURE,2873.0,2545,2874.0,1033,SELL
11:48:59,SP-FUTURE,2874.0,104,2874.0,3474,SELL
11:49:00,SP-FUTURE,2874.0,2016,2874.0,1562,NOTHING
11:49:01,SP-FUTURE,2874.0,3336,2874.0,242,NOTHING
11:49:02,SP-FUTURE,2874.0,2238,2874.0,1340,NOTHING
11:49:03,SP-FUTURE,2874.0,1916,2874.0,1662,NOTHING
11:49:04,SP-FUTURE,2874.0,2249,2874.0,1329,NOTHING
11:49:04,SP-FUTURE,2874.0,1000,2874.0,2578,NOTHING
11:49:06,SP-FUTURE,2874.0,2350,2874.0,1228,NOTHING
11:49:07,SP-FUTURE,2874.0,2,2874.0,3576,NOTHING
11:49:09,SP-FUTURE,2873.0,3007,2873.0,571,NOTHING
11:49:09,SP-FUTURE,2873.0,2141,2873.0,1437,NOTHING
11:49:10,SP-FUTURE,2873.0,789,2873.0,2789,NOTHING
11:49:11,SP-FUTURE,2869.0,3051,2869.0,527,NOTHING
11:49:12,SP-FUTURE,2869.0,3073,2869.0,505,NOTHING
11:49:12,SP-FUTURE,2869.0,3086,2869.0,492,NOTHING
11:49:12,SP-FUTURE,2869.0,2481,2869.0,1097,NOTHING
11:49:12,SP-FUTURE,2869.0,2505,2869.0,1073,NOTHING
11:49:14,SP-FUTURE,2869.0,3276,2869.0,302,NOTHING
11:49:15,SP-FUTURE,2869.0,3347,2869.0,231,NOTHING
11:49:16,SP-FUTURE,2869.0,3317,2869.0,261,NOTHING
11:49:17,SP-FUTURE,2869.0,1864,2869.0,1714,NOTHING
11:49:18,SP-FUTURE,2869.0,1813,2869.0,1765,NOTHING
11:49:19,SP-FUTURE,2869.0,368,2870.0,3210,NOTHING
11:49:21,SP-FUTURE,2869.0,1822,2870.0,1756,NOTHING
11:49:21,SP-FUTURE,2869.0,2851,2870.0,727,NOTHING
11:49:21,SP-FUTURE,2869.0,1481,2870.0,2097,NOTHING
11:49:23,SP-FUTURE,2869.0,1536,2870.0,2042,NOTHING
11:49:25,SP-FUTURE,2871.0,2498,2871.0,1080,NOTHING
11:49:26,SP-FUTURE,2871.0,2999,2871.0,579,NOTHING
11:49:27,SP-FUTURE,2870.0,2675,2870.0,903,NOTHING
11:49:27,SP-FUTURE,2870.0,1539,2870.0,2039,NOTHING
11:49:29,SP-FUTURE,2870.0,3171,2870.0,407,NOTHING
11:49:30,SP-FUTURE,2870.0,3172,2870.0,406,NOTHING
11:49:31,SP-FUTURE,2870.0,900,2870.0,2678,NOTHING
11:49:32,SP-FUTURE,2870.0,3243,2870.0,335,NOTHING
11:49:34,SP-FUTURE,2870.0,3093,2870.0,485,NOTHING
11:49:35,SP-FUTURE,2870.0,3098,2870.0,480,NOTHING
11:49:36,SP-FUTURE,2870.0,3117,2870.0,461,NOTHING
11:49:37,SP-FUTURE,2870.0,281,2871.0,3297,NOTHING
11:49:38,SP-FUTURE,2871.0,3312,2871.0,266,NOTHING
11:49:39,SP-FUTURE,2871.0,3287,2871.0,291,NOTHING
11:49:41,SP-FUTURE,2869.0,2222,2869.0,1356,NOTHING
11:49:42,SP-FUTURE,2869.0,2306,2869.0,1272,NOTHING
11:49:44,SP-FUTURE,2869.0,2307,2869.0,1271,NOTHING
11:49:45,SP-FUTURE,2869.0,2447,2869.0,1131,NOTHING
11:49:46,SP-FUTURE,2869.0,1060,2869.0,2518,NOTHING
11:49:46,SP-FUTURE,2869.0,3533,2869.0,45,NOTHING
11:49:48,SP-FUTURE,2869.0,10,2869.0,3568,NOTHING
11:49:49,SP-FUTURE,2869.0,3522,2869.0,56,NOTHING
11:49:50,SP-FUTURE,2869.0,1490,2869.0,2088,NOTHING
11:49:50,SP-FUTURE,2869.0,833,2869.0,2745,NOTHING
11:49:52,SP-FUTURE,2869.0,721,2869.0,2857,NOTHING
11:49:52,SP-FUTURE,2869.0,845,2869.0,2733,NOTHING
11:49:53,SP-FUTURE,2870.0,548,2870.0,3030,NOTHING
11:49:55,SP-FUTURE,2870.0,1084,2870.0,2494,NOTHING
11:49:57,SP-FUTURE,2870.0,391,2870.0,3187,NOTHING
11:49:58,SP-FUTURE,2870.0,215,2870.0,3363,NOTHING
11:49:59,SP-FUTURE,2869.0,2325,2869.0,1253,NOTHING
11:49:59,SP-FUTURE,2869.0,412,2869.0,3166,NOTHING
11:50:00,SP-FUTURE,2869.0,909,2869.0,2669,NOTHING
11:50:01,SP-FUTURE,2871.0,410,2871.0,3168,NOTHING
11:50:01,SP-FUTURE,2870.0,2329,2871.0,1249,NOTHING
11:50:03,SP-FUTURE,2871.0,415,2871.0,3163,NOTHING
11:50:03,SP-FUTURE,2871.0,438,2871.0,3140,NOTHING
11:50:04,SP-FUTURE,2870.0,1547,2871.0,2031,NOTHING
11:50:05,SP-FUTURE,2870.0,2320,2871.0,1258,NOTHING
11:50:06,SP-FUTURE,2870.0,1047,2870.0,2531,NOTHING
11:50:06,SP-FUTURE,2870.0,1154,2870.0,2424,NOTHING
11:50:07,SP-FUTURE,2870.0,2795,2870.0,783,NOTHING
11:50:08,SP-FUTURE,2870.0,2709,2871.0,869,NOTHING
11:50:09,SP-FUTURE,2870.0,784,2870.0,2794,NOTHING
11:50:09,SP-FUTURE,2869.0,3572,2870.0,6,NOTHING
11:50:10,SP-FUTURE,2869.0,3071,2869.0,507,NOTHING
11:50:11,SP-FUTURE,2869.0,3048,2869.0,530,NOTHING
11:50:11,SP-FUTURE,2869.0,2800,2869.0,778,NOTHING
11:50:12,SP-FUTURE,2869.0,40,2870.0,3538,NOTHING
11:50:13,SP-FUTURE,2868.0,2799,2869.0,779,NOTHING
11:50:13,SP-FUTURE,2868.0,3063,2869.0,515,NOTHING
11:50:15,SP-FUTURE,2868.0,2241,2868.0,1337,NOTHING
11:50:16,SP-FUTURE,2868.0,2428,2868.0,1150,NOTHING
11:50:18,SP-FUTURE,2868.0,2878,2868.0,700,NOTHING
11:50:20,SP-FUTURE,2869.0,2127,2870.0,1451,NOTHING
11:50:20,SP-FUTURE,2869.0,3240,2869.0,338,NOTHING
11:50:21,SP-FUTURE,2869.0,618,2870.0,2960,NOTHING
11:50:21,SP-FUTURE,2869.0,911,2869.0,2667,NOTHING
11:50:22,SP-FUTURE,2869.0,1781,2869.0,1797,NOTHING
11:50:24,SP-FUTURE,2869.0,3236,2869.0,342,NOTHING
11:50:26,SP-FUTURE,2868.0,1582,2868.0,1996,NOTHING
11:50:27,SP-FUTURE,2866.0,3544,2866.0,34,NOTHING
11:50:28,SP-FUTURE,2866.0,737,2867.0,2841,NOTHING
11:50:29,SP-FUTURE,2866.0,775,2867.0,2803,NOTHING
11:50:30,SP-FUTURE,2867.0,1286,2867.0,2292,NOTHING
11:50:31,SP-FUTURE,2867.0,2399,2867.0,1179,NOTHING
11:50:32,SP-FUTURE,2867.0,2591,2867.0,987,NOTHING
11:50:33,SP-FUTURE,2867.0,2693,2867.0,885,NOTHING
11:50:33,SP-FUTURE,2867.0,1766,2867.0,1812,NOTHING
11:50:34,SP-FUTURE,2867.0,1362,2867.0,2216,NOTHING
11:50:35,SP-FUTURE,2867.0,2612,2867.0,966,NOTHING
11:50:36,SP-FUTURE,2867.0,3373,2867.0,205,NOTHING
11:50:37,SP-FUTURE,2868.0,914,2868.0,2664,NOTHING
11:50:38,SP-FUTURE,2868.0,629,2868.0,2949,NOTHING
11:50:39,SP-FUTURE,2868.0,130,2868.0,3448,NOTHING
11:50:40,SP-FUTURE,2868.0,1638,2868.0,1940,NOTHING
11:50:42,SP-FUTURE,2867.0,1195,2867.0,2383,NOTHING
11:50:43,SP-FUTURE,2867.0,3478,2868.0,100,NOTHING
11:50:44,SP-FUTURE,2867.0,2979,2867.0,599,NOTHING
11:50:47,SP-FUTURE,2866.0,1303,2867.0,2275,NOTHING
11:50:48,SP-FUTURE,2866.0,1190,2867.0,2388,NOTHING
11:50:49,SP-FUTURE,2866.0,1231,2867.0,2347,NOTHING
11:50:50,SP-FUTURE,2866.0,1231,2867.0,2347,NOTHING
11:50:52,SP-FUTURE,2867.0,1631,2867.0,1947,NOTHING
11:50:53,SP-FUTURE,2867.0,1884,2867.0,1694,NOTHING
11:50:54,SP-FUTURE,2867.0,1975,2867.0,1603,NOTHING
11:50:55,SP-FUTURE,2867.0,2778,2867.0,800,NOTHING
11:50:56,SP-FUTURE,2867.0,1375,2867.0,2203,NOTHING
11:50:57,SP-FUTURE,2867.0,420,2867.0,3158,NOTHING
11:50:58,SP-FUTURE,2867.0,130,2868.0,3448,NOTHING
11:51:00,SP-FUTURE,2868.0,797,2868.0,2781,NOTHING
11:51:01,SP-FUTURE,2868.0,335,2868.0,3243,NOTHING
11:51:02,SP-FUTURE,2868.0,316,2868.0,3262,NOTHING
11:51:03,SP-FUTURE,2868.0,3030,2868.0,548,NOTHING
11:51:04,SP-FUTURE,2868.0,2981,2868.0,597,NOTHING
11:51:04,SP-FUTURE,2868.0,2277,2868.0,1301,NOTHING
11:51:05,SP-FUTURE,2868.0,3149,2868.0,429,NOTHING
11:51:05,SP-FUTURE,2868.0,379,2868.0,3199,NOTHING
11:51:06,SP-FUTURE,2868.0,966,2868.0,2612,NOTHING
11:51:07,SP-FUTURE,2868.0,2435,2868.0,1143,NOTHING
11:51:08,SP-FUTURE,2868.0,1930,2868.0,1648,NOTHING
11:51:09,SP-FUTURE,2868.0,2340,2868.0,1238,NOTHING
11:51:10,SP-FUTURE,2868.0,2721,2868.0,857,NOTHING
11:51:11,SP-FUTURE,2868.0,2925,2868.0,653,NOTHING
11:51:12,SP-FUTURE,2868.0,2236,2868.0,1342,NOTHING
11:51:13,SP-FUTURE,2868.0,1800,2868.0,1778,NOTHING
11:51:13,SP-FUTURE,2868.0,230,2868.0,3348,NOTHING
11:51:13,SP-FUTURE,2868.0,789,2868.0,2789,NOTHING
11:51:14,SP-FUTURE,2867.0,2374,2868.0,1204,NOTHING
11:51:16,SP-FUTURE,2867.0,2405,2868.0,1173,NOTHING
11:51:16,SP-FUTURE,2867.0,2065,2868.0,1513,NOTHING
11:51:17,SP-FUTURE,2868.0,3293,2868.0,285,NOTHING
11:51:19,SP-FUTURE,2868.0,2351,2868.0,1227,NOTHING
11:51:20,SP-FUTURE,2868.0,1805,2868.0,1773,NOTHING
11:51:21,SP-FUTURE,2868.0,2702,2868.0,876,NOTHING
11:51:22,SP-FUTURE,2868.0,1735,2868.0,1843,NOTHING
11:51:23,SP-FUTURE,2868.0,1469,2868.0,2109,NOTHING
11:51:25,SP-FUTURE,2868.0,145,2868.0,3433,NOTHING
11:51:26,SP-FUTURE,2868.0,1070,2868.0,2508,NOTHING
11:51:27,SP-FUTURE,2868.0,404,2868.0,3174,NOTHING
11:51:28,SP-FUTURE,2867.0,1568,2868.0,2010,NOTHING
11:51:29,SP-FUTURE,2867.0,489,2868.0,3089,NOTHING
11:51:30,SP-FUTURE,2867.0,528,2868.0,3050,NOTHING
11:51:31,SP-FUTURE,2867.0,363,2868.0,3215,NOTHING
11:51:32,SP-FUTURE,2867.0,836,2867.0,2742,NOTHING
11:51:32,SP-FUTURE,2867.0,1508,2867.0,2070,NOTHING
11:51:33,SP-FUTURE,2864.0,1566,2864.0,2012,NOTHING
11:51:35,SP-FUTURE,2864.0,1814,2864.0,1764,NOTHING
11:51:36,SP-FUTURE,2864.0,1814,2864.0,1764,NOTHING
11:51:38,SP-FUTURE,2864.0,2701,2864.0,877,NOTHING
11:51:39,SP-FUTURE,2864.0,2760,2864.0,818,NOTHING
11:51:41,SP-FUTURE,2863.0,882,2863.0,2696,NOTHING
11:51:41,SP-FUTURE,2863.0,1519,2863.0,2059,NOTHING
11:51:42,SP-FUTURE,2863.0,317,2863.0,3261,NOTHING
11:51:43,SP-FUTURE,2863.0,2650,2863.0,928,NOTHING
11:51:44,SP-FUTURE,2863.0,2594,2863.0,984,NOTHING
11:51:44,SP-FUTURE,2863.0,2595,2863.0,983,NOTHING
11:51:46,SP-FUTURE,2863.0,730,2863.0,2848,NOTHING
11:51:47,SP-FUTURE,2863.0,3428,2864.0,150,NOTHING
11:51:48,SP-FUTURE,2863.0,3080,2864.0,498,NOTHING
11:51:49,SP-FUTURE,2863.0,3036,2864.0,542,NOTHING
11:51:50,SP-FUTURE,2864.0,3486,2864.0,92,NOTHING
11:51:52,SP-FUTURE,2864.0,2504,2864.0,1074,NOTHING
11:51:53,SP-FUTURE,2864.0,2315,2864.0,1263,NOTHING
11:51:53,SP-FUTURE,2864.0,1677,2864.0,1901,NOTHING
11:51:54,SP-FUTURE,2864.0,1482,2864.0,2096,NOTHING
11:51:54,SP-FUTURE,2864.0,1498,2864.0,2080,NOTHING
11:51:56,SP-FUTURE,2865.0,1601,2865.0,1977,NOTHING
11:51:57,SP-FUTURE,2865.0,1437,2866.0,2141,NOTHING
11:51:58,SP-FUTURE,2863.0,3203,2863.0,375,NOTHING
11:51:59,SP-FUTURE,2864.0,2138,2864.0,1440,NOTHING
11:52:01,SP-FUTURE,2863.0,3252,2863.0,326,NOTHING
11:52:02,SP-FUTURE,2863.0,3158,2863.0,420,NOTHING
11:52:03,SP-FUTURE,2863.0,3504,2863.0,74,NOTHING
11:52:04,SP-FUTURE,2863.0,982,2863.0,2596,NOTHING
11:52:05,SP-FUTURE,2863.0,649,2864.0,2929,NOTHING
11:52:06,SP-FUTURE,2861.0,2824,2861.0,754,NOTHING
11:52:07,SP-FUTURE,2861.0,1729,2861.0,1849,NOTHING
11:52:09,SP-FUTURE,2861.0,292,2861.0,3286,NOTHING
11:52:10,SP-FUTURE,2857.0,3136,2857.0,442,NOTHING
11:52:11,SP-FUTURE,2856.0,2966,2856.0,612,NOTHING
11:52:11,SP-FUTURE,2856.0,756,2856.0,2822,NOTHING
11:52:13,SP-FUTURE,2856.0,1236,2856.0,2342,NOTHING
11:52:15,SP-FUTURE,2856.0,1783,2857.0,1795,NOTHING
11:52:16,SP-FUTURE,2858.0,2550,2858.0,1028,NOTHING
11:52:16,SP-FUTURE,2858.0,2756,2858.0,822,NOTHING
11:52:18,SP-FUTURE,2858.0,3545,2858.0,33,NOTHING
11:52:19,SP-FUTURE,2858.0,1376,2858.0,2202,NOTHING
11:52:21,SP-FUTURE,2858.0,2572,2858.0,1006,NOTHING
11:52:22,SP-FUTURE,2858.0,2225,2858.0,1353,NOTHING
11:52:23,SP-FUTURE,2858.0,1682,2858.0,1896,NOTHING
11:52:25,SP-FUTURE,2858.0,619,2858.0,2959,NOTHING
11:52:27,SP-FUTURE,2858.0,701,2858.0,2877,NOTHING
11:52:28,SP-FUTURE,2858.0,658,2858.0,2920,NOTHING
11:52:29,SP-FUTURE,2859.0,1586,2859.0,1992,NOTHING
11:52:31,SP-FUTURE,2859.0,2647,2859.0,931,NOTHING
11:52:32,SP-FUTURE,2859.0,892,2859.0,2686,NOTHING
11:52:33,SP-FUTURE,2859.0,2601,2859.0,977,NOTHING
11:52:34,SP-FUTURE,2859.0,2094,2859.0,1484,NOTHING
11:52:35,SP-FUTURE,2859.0,2212,2859.0,1366,NOTHING
11:52:36,SP-FUTURE,2859.0,2957,2859.0,621,NOTHING
11:52:37,SP-FUTURE,2859.0,3228,2859.0,350,NOTHING
11:52:37,SP-FUTURE,2859.0,108,2859.0,3470,NOTHING
11:52:38,SP-FUTURE,2861.0,2192,2861.0,1386,NOTHING
11:52:40,SP-FUTURE,2862.0,545,2862.0,3033,NOTHING
11:52:41,SP-FUTURE,2862.0,515,2862.0,3063,NOTHING
11:52:43,SP-FUTURE,2862.0,713,2862.0,2865,NOTHING
11:52:43,SP-FUTURE,2862.0,742,2862.0,2836,NOTHING
11:52:44,SP-FUTURE,2862.0,1162,2862.0,2416,NOTHING
11:52:45,SP-FUTURE,2864.0,1091,2864.0,2487,NOTHING
11:52:45,SP-FUTURE,2864.0,964,2864.0,2614,NOTHING
11:52:46,SP-FUTURE,2864.0,754,2864.0,2824,NOTHING
11:52:47,SP-FUTURE,2863.0,2973,2864.0,605,NOTHING
11:52:48,SP-FUTURE,2865.0,1918,2866.0,1660,NOTHING
11:52:48,SP-FUTURE,2865.0,630,2866.0,2948,NOTHING
11:52:50,SP-FUTURE,2866.0,3543,2866.0,35,NOTHING
11:52:50,SP-FUTURE,2866.0,3029,2866.0,549,NOTHING
11:52:52,SP-FUTURE,2866.0,3129,2866.0,449,NOTHING
11:52:52,SP-FUTURE,2866.0,3186,2866.0,392,NOTHING
11:52:53,SP-FUTURE,2865.0,2550,2865.0,1028,NOTHING
11:52:55,SP-FUTURE,2864.0,2075,2865.0,1503,NOTHING
11:52:56,SP-FUTURE,2865.0,3244,2865.0,334,NOTHING
11:52:58,SP-FUTURE,2865.0,1368,2865.0,2210,NOTHING
11:53:00,SP-FUTURE,2864.0,574,2865.0,3004,NOTHING
11:53:01,SP-FUTURE,2864.0,3387,2864.0,191,NOTHING
11:53:02,SP-FUTURE,2864.0,1331,2865.0,2247,NOTHING
11:53:03,SP-FUTURE,2864.0,3519,2865.0,59,NOTHING
11:53:04,SP-FUTURE,2865.0,238,2865.0,3340,NOTHING
11:53:04,SP-FUTURE,2865.0,72,2865.0,3506,NOTHING
11:53:05,SP-FUTURE,2865.0,3411,2865.0,167,NOTHING
11:53:06,SP-FUTURE,2865.0,934,2865.0,2644,NOTHING
11:53:07,SP-FUTURE,2864.0,3095,2864.0,483,NOTHING
11:53:09,SP-FUTURE,2864.0,767,2865.0,2811,NOTHING
11:53:09,SP-FUTURE,2864.0,965,2865.0,2613,NOTHING
11:53:10,SP-FUTURE,2864.0,957,2865.0,2621,NOTHING
11:53:11,SP-FUTURE,2864.0,1398,2864.0,2180,NOTHING
11:53:12,SP-FUTURE,2865.0,2795,2865.0,783,NOTHING
11:53:13,SP-FUTURE,2864.0,3022,2865.0,556,NOTHING
11:53:13,SP-FUTURE,2865.0,596,2865.0,2982,NOTHING
11:53:14,SP-FUTURE,2865.0,211,2865.0,3367,NOTHING
11:53:16,SP-FUTURE,2865.0,2502,2865.0,1076,NOTHING
11:53:17,SP-FUTURE,2865.0,1225,2865.0,2353,NOTHING
11:53:17,SP-FUTURE,2865.0,3006,2865.0,572,NOTHING
11:53:19,SP-FUTURE,2864.0,435,2865.0,3143,NOTHING
11:53:20,SP-FUTURE,2864.0,1955,2865.0,1623,NOTHING
11:53:22,SP-FUTURE,2864.0,1143,2865.0,2435,NOTHING
11:53:23,SP-FUTURE,2865.0,34,2866.0,3544,NOTHING
11:53:25,SP-FUTURE,2865.0,1814,2866.0,1764,NOTHING
11:53:25,SP-FUTURE,2866.0,763,2866.0,2815,NOTHING
11:53:26,SP-FUTURE,2866.0,466,2866.0,3112,NOTHING
11:53:27,SP-FUTURE,2866.0,676,2866.0,2902,NOTHING
11:53:29,SP-FUTURE,2866.0,3092,2866.0,486,NOTHING
11:53:31,SP-FUTURE,2865.0,3335,2865.0,243,NOTHING
11:53:32,SP-FUTURE,2865.0,47,2866.0,3531,NOTHING
11:53:33,SP-FUTURE,2865.0,5,2866.0,3573,NOTHING
11:53:35,SP-FUTURE,2865.0,2511,2865.0,1067,NOTHING
11:53:35,SP-FUTURE,2865.0,2598,2865.0,980,NOTHING
11:53:36,SP-FUTURE,2865.0,564,2865.0,3014,NOTHING
11:53:38,SP-FUTURE,2865.0,2580,2865.0,998,NOTHING
11:53:39,SP-FUTURE,2865.0,2852,2865.0,726,NOTHING
11:53:41,SP-FUTURE,2864.0,1309,2865.0,2269,NOTHING
11:53:42,SP-FUTURE,2864.0,1220,2864.0,2358,NOTHING
11:53:43,SP-FUTURE,2864.0,1197,2864.0,2381,NOTHING
11:53:44,SP-FUTURE,2864.0,981,2864.0,2597,NOTHING
11:53:44,SP-FUTURE,2864.0,3279,2864.0,299,NOTHING
11:53:44,SP-FUTURE,2864.0,3418,2864.0,160,NOTHING
11:53:45,SP-FUTURE,2864.0,2592,2864.0,986,NOTHING
11:53:47,SP-FUTURE,2864.0,2478,2864.0,1100,NOTHING
11:53:48,SP-FUTURE,2864.0,2705,2864.0,873,NOTHING
11:53:50,SP-FUTURE,2860.0,3252,2860.0,326,NOTHING
11:53:51,SP-FUTURE,2860.0,2097,2860.0,1481,NOTHING
11:53:52,SP-FUTURE,2860.0,2291,2860.0,1287,NOTHING
11:53:52,SP-FUTURE,2860.0,1837,2860.0,1741,NOTHING
11:53:54,SP-FUTURE,2860.0,2392,2860.0,1186,NOTHING
11:53:54,SP-FUTURE,2861.0,3342,2861.0,236,NOTHING
11:53:55,SP-FUTURE,2861.0,367,2861.0,3211,NOTHING
11:53:56,SP-FUTURE,2861.0,384,2861.0,3194,NOTHING
11:53:57,SP-FUTURE,2861.0,406,2861.0,3172,NOTHING
11:53:58,SP-FUTURE,2862.0,2564,2863.0,1014,NOTHING
11:53:59,SP-FUTURE,2863.0,67,2863.0,3511,NOTHING
11:53:59,SP-FUTURE,2862.0,2870,2862.0,708,NOTHING
11:54:01,SP-FUTURE,2862.0,1435,2862.0,2143,NOTHING
11:54:02,SP-FUTURE,2862.0,2633,2862.0,945,NOTHING
11:54:02,SP-FUTURE,2862.0,2217,2862.0,1361,NOTHING
11:54:04,SP-FUTURE,2862.0,2176,2862.0,1402,NOTHING
11:54:04,SP-FUTURE,2862.0,1935,2862.0,1643,NOTHING
11:54:04,SP-FUTURE,2862.0,1838,2862.0,1740,NOTHING
11:54:05,SP-FUTURE,2861.0,3503,2862.0,75,NOTHING
11:54:05,SP-FUTURE,2862.0,3547,2862.0,31,NOTHING
11:54:06,SP-FUTURE,2861.0,2665,2862.0,913,NOTHING
11:54:06,SP-FUTURE,2861.0,2891,2862.0,687,NOTHING
11:54:08,SP-FUTURE,2861.0,2923,2862.0,655,NOTHING
11:54:09,SP-FUTURE,2861.0,2864,2862.0,714,NOTHING
11:54:10,SP-FUTURE,2861.0,1005,2861.0,2573,NOTHING
11:54:11,SP-FUTURE,2861.0,1360,2861.0,2218,NOTHING
11:54:13,SP-FUTURE,2861.0,1050,2861.0,2528,NOTHING
11:54:14,SP-FUTURE,2861.0,3565,2861.0,13,NOTHING
11:54:14,SP-FUTURE,2861.0,2995,2861.0,583,NOTHING
11:54:14,SP-FUTURE,2861.0,2996,2861.0,582,NOTHING
11:54:15,SP-FUTURE,2861.0,350,2861.0,3228,NOTHING
11:54:16,SP-FUTURE,2861.0,686,2861.0,2892,NOTHING
11:54:17,SP-FUTURE,2861.0,3298,2861.0,280,NOTHING
11:54:17,SP-FUTURE,2861.0,2258,2861.0,1320,NOTHING
11:54:18,SP-FUTURE,2860.0,3503,2860.0,75,NOTHING
11:54:19,SP-FUTURE,2859.0,141,2860.0,3437,NOTHING
11:54:20,SP-FUTURE,2859.0,1614,2860.0,1964,NOTHING
11:54:20,SP-FUTURE,2859.0,1723,2860.0,1855,NOTHING
11:54:22,SP-FUTURE,2859.0,2833,2859.0,745,NOTHING
11:54:23,SP-FUTURE,2859.0,2118,2859.0,1460,NOTHING
11:54:25,SP-FUTURE,2858.0,3450,2858.0,128,NOTHING
11:54:25,SP-FUTURE,2859.0,2948,2859.0,630,NOTHING
11:54:26,SP-FUTURE,2858.0,1762,2859.0,1816,NOTHING
11:54:27,SP-FUTURE,2858.0,1790,2859.0,1788,NOTHING
11:54:29,SP-FUTURE,2858.0,1773,2859.0,1805,NOTHING
11:54:29,SP-FUTURE,2858.0,3053,2859.0,525,NOTHING
11:54:31,SP-FUTURE,2858.0,3265,2858.0,313,NOTHING
11:54:31,SP-FUTURE,2858.0,3185,2858.0,393,NOTHING
11:54:32,SP-FUTURE,2858.0,3136,2858.0,442,NOTHING
11:54:34,SP-FUTURE,2858.0,3215,2858.0,363,NOTHING
11:54:35,SP-FUTURE,2860.0,2290,2861.0,1288,NOTHING
11:54:36,SP-FUTURE,2860.0,2162,2861.0,1416,NOTHING
11:54:37,SP-FUTURE,2860.0,2404,2861.0,1174,NOTHING
11:54:39,SP-FUTURE,2861.0,1451,2861.0,2127,NOTHING
11:54:40,SP-FUTURE,2861.0,2760,2861.0,818,NOTHING
11:54:41,SP-FUTURE,2861.0,1100,2861.0,2478,NOTHING
11:54:41,SP-FUTURE,2860.0,2409,2861.0,1169,NOTHING
11:54:42,SP-FUTURE,2860.0,2222,2861.0,1356,NOTHING
11:54:44,SP-FUTURE,2860.0,1772,2860.0,1806,NOTHING
11:54:45,SP-FUTURE,2861.0,270,2861.0,3308,NOTHING
11:54:46,SP-FUTURE,2861.0,1064,2861.0,2514,NOTHING
11:54:46,SP-FUTURE,2861.0,193,2861.0,3385,NOTHING
11:54:48,SP-FUTURE,2861.0,2985,2861.0,593,NOTHING
11:54:48,SP-FUTURE,2861.0,470,2861.0,3108,NOTHING
11:54:50,SP-FUTURE,2861.0,1512,2861.0,2066,NOTHING
11:54:51,SP-FUTURE,2861.0,2773,2861.0,805,NOTHING
11:54:51,SP-FUTURE,2862.0,3360,2862.0,218,NOTHING
11:54:52,SP-FUTURE,2863.0,25,2863.0,3553,NOTHING
11:54:54,SP-FUTURE,2862.0,3319,2862.0,259,NOTHING
11:54:55,SP-FUTURE,2862.0,2290,2862.0,1288,NOTHING
11:54:55,SP-FUTURE,2862.0,1806,2862.0,1772,NOTHING
11:54:55,SP-FUTURE,2862.0,1822,2862.0,1756,NOTHING
11:54:55,SP-FUTURE,2861.0,5,2861.0,3573,NOTHING
11:54:56,SP-FUTURE,2861.0,9,2861.0,3569,NOTHING
11:54:57,SP-FUTURE,2861.0,2993,2861.0,585,NOTHING
11:54:57,SP-FUTURE,2861.0,1959,2861.0,1619,NOTHING
11:54:59,SP-FUTURE,2861.0,1536,2861.0,2042,NOTHING
11:55:00,SP-FUTURE,2860.0,1512,2860.0,2066,NOTHING
11:55:01,SP-FUTURE,2860.0,230,2860.0,3348,NOTHING
11:55:01,SP-FUTURE,2860.0,3562,2860.0,16,NOTHING
11:55:03,SP-FUTURE,2860.0,495,2860.0,3083,NOTHING
11:55:05,SP-FUTURE,2860.0,3564,2860.0,14,NOTHING
11:55:05,SP-FUTURE,2860.0,2237,2860.0,1341,NOTHING
11:55:06,SP-FUTURE,2860.0,933,2860.0,2645,NOTHING
11:55:08,SP-FUTURE,2859.0,1826,2860.0,1752,NOTHING
11:55:08,SP-FUTURE,2859.0,2232,2860.0,1346,NOTHING
11:55:10,SP-FUTURE,2859.0,3401,2860.0,177,NOTHING
11:55:10,SP-FUTURE,2859.0,1672,2859.0,1906,NOTHING
11:55:11,SP-FUTURE,2859.0,1625,2859.0,1953,NOTHING
11:55:11,SP-FUTURE,2859.0,1561,2859.0,2017,NOTHING
11:55:13,SP-FUTURE,2859.0,1124,2859.0,2454,NOTHING
11:55:14,SP-FUTURE,2859.0,2984,2860.0,594,NOTHING
11:55:14,SP-FUTURE,2859.0,3025,2859.0,553,NOTHING
11:55:17,SP-FUTURE,2859.0,2404,2859.0,1174,NOTHING
11:55:17,SP-FUTURE,2858.0,1544,2859.0,2034,NOTHING
11:55:18,SP-FUTURE,2858.0,1597,2859.0,1981,NOTHING
11:55:20,SP-FUTURE,2858.0,1977,2859.0,1601,NOTHING
11:55:20,SP-FUTURE,2859.0,3241,2859.0,337,NOTHING
11:55:21,SP-FUTURE,2859.0,1935,2859.0,1643,NOTHING
11:55:22,SP-FUTURE,2858.0,3007,2858.0,571,NOTHING
11:55:23,SP-FUTURE,2858.0,3352,2858.0,226,NOTHING
11:55:24,SP-FUTURE,2858.0,3552,2858.0,26,NOTHING
11:55:24,SP-FUTURE,2858.0,1875,2858.0,1703,NOTHING
11:55:25,SP-FUTURE,2858.0,3214,2858.0,364,NOTHING
11:55:26,SP-FUTURE,2858.0,2869,2858.0,709,NOTHING
11:55:27,SP-FUTURE,2858.0,1352,2858.0,2226,NOTHING
11:55:29,SP-FUTURE,2857.0,2636,2858.0,942,NOTHING
11:55:30,SP-FUTURE,2857.0,2676,2858.0,902,NOTHING
11:55:32,SP-FUTURE,2857.0,2704,2858.0,874,NOTHING
11:55:33,SP-FUTURE,2857.0,1456,2858.0,2122,NOTHING
11:55:34,SP-FUTURE,2857.0,1512,2858.0,2066,NOTHING
11:55:34,SP-FUTURE,2857.0,229,2858.0,3349,NOTHING
11:55:34,SP-FUTURE,2857.0,3214,2858.0,364,NOTHING
11:55:36,SP-FUTURE,2858.0,1947,2858.0,1631,NOTHING
11:55:37,SP-FUTURE,2858.0,502,2858.0,3076,NOTHING
11:55:37,SP-FUTURE,2857.0,302,2858.0,3276,NOTHING
11:55:38,SP-FUTURE,2857.0,346,2858.0,3232,NOTHING
11:55:40,SP-FUTURE,2857.0,3532,2857.0,46,NOTHING
11:55:40,SP-FUTURE,2857.0,2728,2857.0,850,NOTHING
11:55:41,SP-FUTURE,2857.0,930,2858.0,2648,NOTHING
11:55:42,SP-FUTURE,2857.0,2216,2858.0,1362,NOTHING
11:55:43,SP-FUTURE,2858.0,971,2858.0,2607,NOTHING
11:55:44,SP-FUTURE,2858.0,2977,2858.0,601,NOTHING
11:55:44,SP-FUTURE,2858.0,198,2858.0,3380,NOTHING
11:55:45,SP-FUTURE,2857.0,2638,2858.0,940,NOTHING
11:55:47,SP-FUTURE,2857.0,1042,2857.0,2536,NOTHING
11:55:47,SP-FUTURE,2857.0,3270,2857.0,308,NOTHING
11:55:48,SP-FUTURE,2858.0,2727,2858.0,851,NOTHING
11:55:49,SP-FUTURE,2858.0,2797,2858.0,781,NOTHING
11:55:51,SP-FUTURE,2859.0,205,2859.0,3373,NOTHING
11:55:51,SP-FUTURE,2859.0,197,2859.0,3381,NOTHING
11:55:51,SP-FUTURE,2859.0,179,2859.0,3399,NOTHING
11:55:53,SP-FUTURE,2859.0,1810,2859.0,1768,NOTHING
11:55:53,SP-FUTURE,2858.0,2745,2858.0,833,NOTHING
11:55:55,SP-FUTURE,2858.0,548,2859.0,3030,NOTHING
11:55:55,SP-FUTURE,2859.0,406,2859.0,3172,NOTHING
11:55:56,SP-FUTURE,2859.0,1155,2859.0,2423,NOTHING
11:55:57,SP-FUTURE,2859.0,2656,2859.0,922,NOTHING
11:55:58,SP-FUTURE,2859.0,1821,2859.0,1757,NOTHING
11:55:58,SP-FUTURE,2859.0,191,2860.0,3387,NOTHING
11:56:00,SP-FUTURE,2859.0,52,2860.0,3526,NOTHING
11:56:01,SP-FUTURE,2860.0,273,2860.0,3305,NOTHING
11:56:02,SP-FUTURE,2860.0,1218,2860.0,2360,NOTHING
11:56:03,SP-FUTURE,2860.0,1689,2860.0,1889,NOTHING
11:56:04,SP-FUTURE,2860.0,1244,2860.0,2334,NOTHING
11:56:05,SP-FUTURE,2858.0,134,2858.0,3444,NOTHING
11:56:05,SP-FUTURE,2858.0,3026,2858.0,552,NOTHING
11:56:06,SP-FUTURE,2856.0,3023,2857.0,555,NOTHING
11:56:07,SP-FUTURE,2856.0,1539,2857.0,2039,NOTHING
11:56:07,SP-FUTURE,2857.0,153,2857.0,3425,NOTHING
11:56:09,SP-FUTURE,2856.0,3290,2857.0,288,NOTHING
11:56:10,SP-FUTURE,2856.0,3400,2857.0,178,NOTHING
11:56:11,SP-FUTURE,2856.0,3404,2857.0,174,NOTHING
11:56:13,SP-FUTURE,2859.0,1156,2859.0,2422,NOTHING
11:56:14,SP-FUTURE,2859.0,2262,2859.0,1316,NOTHING
11:56:15,SP-FUTURE,2859.0,1247,2859.0,2331,NOTHING
11:56:17,SP-FUTURE,2859.0,1922,2859.0,1656,NOTHING
11:56:19,SP-FUTURE,2859.0,1643,2859.0,1935,NOTHING
11:56:20,SP-FUTURE,2859.0,2296,2859.0,1282,NOTHING
11:56:21,SP-FUTURE,2860.0,2031,2860.0,1547,NOTHING
11:56:22,SP-FUTURE,2860.0,222,2860.0,3356,NOTHING
11:56:24,SP-FUTURE,2860.0,725,2860.0,2853,NOTHING
11:56:25,SP-FUTURE,2860.0,611,2860.0,2967,NOTHING
11:56:26,SP-FUTURE,2860.0,1059,2860.0,2519,NOTHING
11:56:26,SP-FUTURE,2860.0,2854,2860.0,724,NOTHING
11:56:27,SP-FUTURE,2860.0,2941,2861.0,637,NOTHING
11:56:28,SP-FUTURE,2861.0,3316,2861.0,262,NOTHING
11:56:29,SP-FUTURE,2860.0,2925,2860.0,653,NOTHING
11:56:30,SP-FUTURE,2860.0,392,2860.0,3186,NOTHING
11:56:31,SP-FUTURE,2860.0,1492,2860.0,2086,NOTHING
11:56:32,SP-FUTURE,2860.0,1087,2860.0,2491,NOTHING
11:56:32,SP-FUTURE,2860.0,1105,2860.0,2473,NOTHING
11:56:33,SP-FUTURE,2858.0,40,2858.0,3538,NOTHING
11:56:34,SP-FUTURE,2858.0,1740,2858.0,1838,NOTHING
11:56:36,SP-FUTURE,2858.0,2675,2858.0,903,NOTHING
11:56:37,SP-FUTURE,2858.0,2669,2858.0,909,NOTHING
11:56:37,SP-FUTURE,2858.0,1001,2858.0,2577,NOTHING
11:56:39,SP-FUTURE,2858.0,2971,2858.0,607,NOTHING
11:56:39,SP-FUTURE,2858.0,2882,2858.0,696,NOTHING
11:56:40,SP-FUTURE,2858.0,1224,2858.0,2354,NOTHING
11:56:40,SP-FUTURE,2858.0,2281,2859.0,1297,NOTHING
11:56:41,SP-FUTURE,2859.0,2654,2859.0,924,NOTHING
11:56:42,SP-FUTURE,2859.0,3181,2859.0,397,NOTHING
11:56:42,SP-FUTURE,2859.0,1432,2859.0,2146,NOTHING
11:56:43,SP-FUTURE,2858.0,860,2859.0,2718,NOTHING
11:56:44,SP-FUTURE,2858.0,627,2859.0,2951,NOTHING
11:56:44,SP-FUTURE,2858.0,1650,2859.0,1928,NOTHING
11:56:45,SP-FUTURE,2858.0,3271,2858.0,307,NOTHING
11:56:46,SP-FUTURE,2858.0,1274,2858.0,2304,NOTHING
11:56:47,SP-FUTURE,2858.0,86,2858.0,3492,NOTHING
11:56:48,SP-FUTURE,2858.0,1855,2858.0,1723,NOTHING
11:56:49,SP-FUTURE,2857.0,3459,2858.0,119,NOTHING
11:56:50,SP-FUTURE,2857.0,1961,2858.0,1617,NOTHING
11:56:51,SP-FUTURE,2857.0,1544,2858.0,2034,NOTHING
11:56:52,SP-FUTURE,2857.0,393,2858.0,3185,NOTHING
11:56:53,SP-FUTURE,2857.0,1890,2857.0,1688,NOTHING
11:56:54,SP-FUTURE,2856.0,1227,2857.0,2351,NOTHING
11:56:56,SP-FUTURE,2856.0,2558,2856.0,1020,NOTHING
11:56:58,SP-FUTURE,2856.0,2590,2856.0,988,NOTHING
11:56:58,SP-FUTURE,2855.0,622,2856.0,2956,NOTHING
11:56:59,SP-FUTURE,2855.0,1641,2855.0,1937,NOTHING
11:57:00,SP-FUTURE,2855.0,429,2856.0,3149,NOTHING
11:57:01,SP-FUTURE,2855.0,1255,2856.0,2323,NOTHING
11:57:01,SP-FUTURE,2856.0,539,2856.0,3039,NOTHING
11:57:02,SP-FUTURE,2856.0,221,2857.0,3357,NOTHING
11:57:03,SP-FUTURE,2856.0,2100,2857.0,1478,NOTHING
11:57:04,SP-FUTURE,2856.0,3528,2856.0,50,NOTHING
11:57:06,SP-FUTURE,2856.0,1465,2856.0,2113,NOTHING
11:57:07,SP-FUTURE,2856.0,1558,2856.0,2020,NOTHING
11:57:07,SP-FUTURE,2856.0,160,2856.0,3418,NOTHING
11:57:08,SP-FUTURE,2855.0,2748,2856.0,830,NOTHING
11:57:10,SP-FUTURE,2855.0,3112,2856.0,466,NOTHING
11:57:10,SP-FUTURE,2855.0,497,2856.0,3081,NOTHING
11:57:10,SP-FUTURE,2855.0,2801,2855.0,777,NOTHING
11:57:12,SP-FUTURE,2855.0,3455,2855.0,123,NOTHING
11:57:12,SP-FUTURE,2855.0,1325,2855.0,2253,NOTHING
11:57:13,SP-FUTURE,2855.0,3049,2855.0,529,NOTHING
11:57:14,SP-FUTURE,2854.0,2730,2854.0,848,NOTHING
11:57:14,SP-FUTURE,2854.0,878,2855.0,2700,NOTHING
11:57:16,SP-FUTURE,2854.0,847,2855.0,2731,NOTHING
11:57:16,SP-FUTURE,2854.0,627,2855.0,2951,NOTHING
11:57:18,SP-FUTURE,2854.0,1647,2855.0,1931,NOTHING
11:57:19,SP-FUTURE,2854.0,463,2855.0,3115,NOTHING
11:57:21,SP-FUTURE,2854.0,2970,2854.0,608,NOTHING
11:57:22,SP-FUTURE,2854.0,1207,2854.0,2371,NOTHING
11:57:22,SP-FUTURE,2854.0,1413,2854.0,2165,NOTHING
11:57:22,SP-FUTURE,2854.0,3509,2855.0,69,NOTHING
11:57:24,SP-FUTURE,2855.0,101,2855.0,3477,NOTHING
11:57:24,SP-FUTURE,2854.0,1084,2854.0,2494,NOTHING
11:57:25,SP-FUTURE,2854.0,698,2854.0,2880,NOTHING
11:57:27,SP-FUTURE,2853.0,3336,2854.0,242,NOTHING
11:57:28,SP-FUTURE,2854.0,1496,2854.0,2082,NOTHING
11:57:29,SP-FUTURE,2854.0,3137,2854.0,441,NOTHING
11:57:30,SP-FUTURE,2854.0,3091,2854.0,487,NOTHING
11:57:31,SP-FUTURE,2854.0,3318,2854.0,260,NOTHING
11:57:33,SP-FUTURE,2854.0,3464,2854.0,114,NOTHING
11:57:34,SP-FUTURE,2854.0,2326,2854.0,1252,NOTHING
11:57:35,SP-FUTURE,2854.0,3041,2854.0,537,NOTHING
11:57:37,SP-FUTURE,2854.0,644,2854.0,2934,NOTHING
11:57:38,SP-FUTURE,2855.0,1116,2855.0,2462,NOTHING
11:57:40,SP-FUTURE,2855.0,2485,2855.0,1093,NOTHING
11:57:41,SP-FUTURE,2855.0,2497,2855.0,1081,NOTHING
11:57:43,SP-FUTURE,2855.0,2496,2855.0,1082,NOTHING
11:57:44,SP-FUTURE,2855.0,2495,2855.0,1083,NOTHING
11:57:45,SP-FUTURE,2855.0,950,2855.0,2628,NOTHING
11:57:45,SP-FUTURE,2855.0,879,2855.0,2699,NOTHING
11:57:46,SP-FUTURE,2855.0,3479,2855.0,99,NOTHING
11:57:46,SP-FUTURE,2855.0,3394,2855.0,184,NOTHING
11:57:49,SP-FUTURE,2855.0,2952,2855.0,626,NOTHING
11:57:50,SP-FUTURE,2855.0,2324,2855.0,1254,NOTHING
11:57:51,SP-FUTURE,2855.0,1858,2855.0,1720,NOTHING
11:57:51,SP-FUTURE,2855.0,255,2855.0,3323,NOTHING
11:57:52,SP-FUTURE,2855.0,3489,2855.0,89,NOTHING
11:57:53,SP-FUTURE,2855.0,1623,2855.0,1955,NOTHING
11:57:54,SP-FUTURE,2855.0,983,2855.0,2595,NOTHING
11:57:55,SP-FUTURE,2855.0,974,2855.0,2604,NOTHING
11:57:55,SP-FUTURE,2855.0,1043,2855.0,2535,NOTHING
11:57:57,SP-FUTURE,2854.0,2639,2855.0,939,NOTHING
11:57:57,SP-FUTURE,2853.0,2729,2853.0,849,NOTHING
11:57:59,SP-FUTURE,2851.0,1230,2852.0,2348,NOTHING
11:57:59,SP-FUTURE,2851.0,1344,2852.0,2234,NOTHING
11:58:00,SP-FUTURE,2852.0,1052,2852.0,2526,NOTHING
11:58:01,SP-FUTURE,2852.0,832,2853.0,2746,NOTHING
11:58:02,SP-FUTURE,2852.0,3431,2852.0,147,NOTHING
11:58:03,SP-FUTURE,2852.0,1764,2853.0,1814,NOTHING
11:58:05,SP-FUTURE,2852.0,2755,2853.0,823,NOTHING
11:58:05,SP-FUTURE,2852.0,2041,2852.0,1537,NOTHING
11:58:07,SP-FUTURE,2852.0,1827,2852.0,1751,NOTHING
11:58:08,SP-FUTURE,2852.0,2321,2852.0,1257,NOTHING
11:58:09,SP-FUTURE,2852.0,2390,2852.0,1188,NOTHING
11:58:11,SP-FUTURE,2852.0,2239,2852.0,1339,NOTHING
11:58:12,SP-FUTURE,2853.0,2135,2853.0,1443,NOTHING
11:58:13,SP-FUTURE,2853.0,185,2853.0,3393,NOTHING
11:58:14,SP-FUTURE,2853.0,3333,2853.0,245,NOTHING
11:58:15,SP-FUTURE,2853.0,1266,2854.0,2312,NOTHING
11:58:17,SP-FUTURE,2853.0,1408,2854.0,2170,NOTHING
11:58:18,SP-FUTURE,2854.0,557,2854.0,3021,NOTHING
11:58:19,SP-FUTURE,2854.0,106,2854.0,3472,NOTHING
11:58:20,SP-FUTURE,2854.0,34,2854.0,3544,NOTHING
11:58:21,SP-FUTURE,2854.0,794,2854.0,2784,NOTHING
11:58:22,SP-FUTURE,2854.0,849,2854.0,2729,NOTHING
11:58:23,SP-FUTURE,2854.0,1249,2854.0,2329,NOTHING
11:58:24,SP-FUTURE,2853.0,1290,2853.0,2288,NOTHING
11:58:25,SP-FUTURE,2853.0,1080,2853.0,2498,NOTHING
11:58:26,SP-FUTURE,2853.0,1415,2853.0,2163,NOTHING
11:58:27,SP-FUTURE,2852.0,3069,2853.0,509,NOTHING
11:58:27,SP-FUTURE,2853.0,1845,2853.0,1733,NOTHING
11:58:29,SP-FUTURE,2851.0,1392,2851.0,2186,NOTHING
11:58:30,SP-FUTURE,2850.0,811,2850.0,2767,NOTHING
11:58:31,SP-FUTURE,2850.0,3252,2850.0,326,NOTHING
11:58:32,SP-FUTURE,2849.0,3200,2850.0,378,NOTHING
11:58:32,SP-FUTURE,2850.0,380,2850.0,3198,NOTHING
11:58:34,SP-FUTURE,2849.0,2328,2849.0,1250,NOTHING
11:58:35,SP-FUTURE,2849.0,1813,2849.0,1765,NOTHING
11:58:36,SP-FUTURE,2849.0,1811,2849.0,1767,NOTHING
11:58:36,SP-FUTURE,2849.0,1887,2849.0,1691,NOTHING
11:58:38,SP-FUTURE,2850.0,1781,2851.0,1797,NOTHING
11:58:39,SP-FUTURE,2850.0,2493,2851.0,1085,NOTHING
11:58:40,SP-FUTURE,2850.0,1895,2851.0,1683,NOTHING
11:58:41,SP-FUTURE,2850.0,2279,2851.0,1299,NOTHING
11:58:42,SP-FUTURE,2850.0,2646,2851.0,932,NOTHING
11:58:43,SP-FUTURE,2850.0,2154,2851.0,1424,NOTHING
11:58:44,SP-FUTURE,2850.0,2148,2851.0,1430,NOTHING
11:58:44,SP-FUTURE,2851.0,1004,2851.0,2574,NOTHING
11:58:45,SP-FUTURE,2851.0,2870,2851.0,708,NOTHING
11:58:46,SP-FUTURE,2851.0,92,2852.0,3486,NOTHING
11:58:48,SP-FUTURE,2852.0,3482,2853.0,96,NOTHING
11:58:48,SP-FUTURE,2853.0,1544,2853.0,2034,NOTHING
11:58:49,SP-FUTURE,2853.0,3266,2853.0,312,NOTHING
11:58:50,SP-FUTURE,2853.0,3485,2853.0,93,NOTHING
11:58:50,SP-FUTURE,2853.0,770,2853.0,2808,NOTHING
11:58:51,SP-FUTURE,2853.0,3468,2853.0,110,NOTHING
11:58:51,SP-FUTURE,2852.0,3509,2852.0,69,NOTHING
11:58:53,SP-FUTURE,2852.0,2549,2852.0,1029,NOTHING
11:58:54,SP-FUTURE,2852.0,409,2852.0,3169,NOTHING
11:58:55,SP-FUTURE,2852.0,3037,2852.0,541,NOTHING
11:58:57,SP-FUTURE,2850.0,2264,2850.0,1314,NOTHING
11:58:58,SP-FUTURE,2850.0,2410,2850.0,1168,NOTHING
11:58:59,SP-FUTURE,2847.0,489,2847.0,3089,NOTHING
11:59:00,SP-FUTURE,2847.0,3265,2847.0,313,NOTHING
11:59:01,SP-FUTURE,2847.0,2966,2847.0,612,NOTHING
11:59:02,SP-FUTURE,2847.0,2535,2847.0,1043,NOTHING
11:59:03,SP-FUTURE,2847.0,1016,2847.0,2562,NOTHING
11:59:04,SP-FUTURE,2847.0,984,2847.0,2594,NOTHING
11:59:04,SP-FUTURE,2847.0,1640,2847.0,1938,NOTHING
11:59:05,SP-FUTURE,2847.0,1980,2847.0,1598,NOTHING
11:59:05,SP-FUTURE,2847.0,3309,2847.0,269,NOTHING
11:59:07,SP-FUTURE,2847.0,1833,2847.0,1745,NOTHING
11:59:08,SP-FUTURE,2847.0,1834,2847.0,1744,NOTHING
11:59:09,SP-FUTURE,2847.0,1002,2847.0,2576,NOTHING
11:59:09,SP-FUTURE,2847.0,1192,2847.0,2386,NOTHING
11:59:10,SP-FUTURE,2847.0,1159,2847.0,2419,NOTHING
11:59:11,SP-FUTURE,2847.0,1423,2847.0,2155,NOTHING
11:59:13,SP-FUTURE,2847.0,2398,2847.0,1180,NOTHING
11:59:14,SP-FUTURE,2846.0,602,2847.0,2976,NOTHING
11:59:15,SP-FUTURE,2846.0,1855,2847.0,1723,NOTHING
11:59:17,SP-FUTURE,2846.0,2454,2847.0,1124,NOTHING
11:59:17,SP-FUTURE,2846.0,2471,2847.0,1107,NOTHING
11:59:18,SP-FUTURE,2846.0,2746,2847.0,832,NOTHING
11:59:19,SP-FUTURE,2846.0,2871,2847.0,707,NOTHING
11:59:20,SP-FUTURE,2846.0,3374,2847.0,204,NOTHING
11:59:21,SP-FUTURE,2850.0,1763,2850.0,1815,NOTHING
11:59:23,SP-FUTURE,2850.0,1353,2850.0,2225,NOTHING
11:59:24,SP-FUTURE,2850.0,1003,2850.0,2575,NOTHING
11:59:24,SP-FUTURE,2850.0,943,2850.0,2635,NOTHING
11:59:25,SP-FUTURE,2850.0,892,2850.0,2686,NOTHING
11:59:27,SP-FUTURE,2850.0,684,2850.0,2894,NOTHING
11:59:29,SP-FUTURE,2850.0,945,2850.0,2633,NOTHING
11:59:29,SP-FUTURE,2850.0,376,2850.0,3202,NOTHING
11:59:30,SP-FUTURE,2849.0,2439,2850.0,1139,NOTHING
11:59:31,SP-FUTURE,2849.0,2671,2850.0,907,NOTHING
11:59:32,SP-FUTURE,2850.0,478,2850.0,3100,NOTHING
11:59:32,SP-FUTURE,2848.0,861,2849.0,2717,NOTHING
11:59:33,SP-FUTURE,2848.0,421,2849.0,3157,NOTHING
11:59:34,SP-FUTURE,2847.0,626,2847.0,2952,NOTHING
11:59:35,SP-FUTURE,2847.0,1388,2847.0,2190,NOTHING
11:59:36,SP-FUTURE,2847.0,396,2848.0,3182,NOTHING
11:59:36,SP-FUTURE,2847.0,3298,2848.0,280,NOTHING
11:59:38,SP-FUTURE,2847.0,2181,2848.0,1397,NOTHING
11:59:38,SP-FUTURE,2848.0,689,2848.0,2889,NOTHING
11:59:39,SP-FUTURE,2847.0,2779,2847.0,799,NOTHING
11:59:40,SP-FUTURE,2847.0,169,2847.0,3409,NOTHING
11:59:41,SP-FUTURE,2847.0,2680,2848.0,898,NOTHING
11:59:43,SP-FUTURE,2847.0,2340,2848.0,1238,NOTHING
11:59:43,SP-FUTURE,2847.0,1419,2848.0,2159,NOTHING
11:59:45,SP-FUTURE,2847.0,2162,2848.0,1416,NOTHING
11:59:46,SP-FUTURE,2847.0,1777,2848.0,1801,NOTHING
11:59:47,SP-FUTURE,2847.0,1267,2848.0,2311,NOTHING
11:59:48,SP-FUTURE,2847.0,1181,2847.0,2397,NOTHING
11:59:48,SP-FUTURE,2847.0,3183,2847.0,395,NOTHING
11:59:49,SP-FUTURE,2847.0,3030,2847.0,548,NOTHING
11:59:50,SP-FUTURE,2847.0,1411,2847.0,2167,NOTHING
11:59:52,SP-FUTURE,2847.0,1402,2847.0,2176,NOTHING
11:59:53,SP-FUTURE,2847.0,2814,2847.0,764,NOTHING
11:59:54,SP-FUTURE,2846.0,1977,2847.0,1601,NOTHING
11:59:54,SP-FUTURE,2846.0,2924,2846.0,654,NOTHING
11:59:56,SP-FUTURE,2844.0,3362,2845.0,216,NOTHING
11:59:56,SP-FUTURE,2845.0,503,2845.0,3075,NOTHING
11:59:57,SP-FUTURE,2844.0,494,2844.0,3084,NOTHING
11:59:58,SP-FUTURE,2845.0,2724,2845.0,854,NOTHING
11:59:59,SP-FUTURE,2845.0,2983,2846.0,595,NOTHING
12:00:00,SP-FUTURE,2845.0,3074,2846.0,504,NOTHING
12:00:00,SP-FUTURE,2846.0,865,2846.0,2713,NOTHING
12:00:02,SP-FUTURE,2846.0,1455,2846.0,2123,NOTHING
12:00:03,SP-FUTURE,2846.0,2228,2846.0,1350,NOTHING
12:00:04,SP-FUTURE,2846.0,1747,2846.0,1831,NOTHING
12:00:05,SP-FUTURE,2846.0,1702,2846.0,1876,NOTHING
12:00:05,SP-FUTURE,2845.0,3499,2845.0,79,NOTHING
12:00:06,SP-FUTURE,2845.0,1838,2846.0,1740,NOTHING
12:00:07,SP-FUTURE,2845.0,2154,2845.0,1424,NOTHING
12:00:07,SP-FUTURE,2845.0,1700,2845.0,1878,NOTHING
12:00:08,SP-FUTURE,2845.0,3023,2845.0,555,NOTHING
12:00:08,SP-FUTURE,2845.0,1642,2845.0,1936,NOTHING
12:00:09,SP-FUTURE,2845.0,274,2845.0,3304,NOTHING
12:00:10,SP-FUTURE,2845.0,373,2845.0,3205,NOTHING
12:00:11,SP-FUTURE,2848.0,2963,2848.0,615,NOTHING
12:00:12,SP-FUTURE,2849.0,1160,2849.0,2418,NOTHING
12:00:13,SP-FUTURE,2849.0,1205,2849.0,2373,NOTHING
12:00:13,SP-FUTURE,2848.0,1917,2849.0,1661,NOTHING
12:00:15,SP-FUTURE,2848.0,2188,2849.0,1390,NOTHING
12:00:17,SP-FUTURE,2848.0,2442,2849.0,1136,NOTHING
12:00:18,SP-FUTURE,2848.0,3340,2849.0,238,NOTHING
12:00:19,SP-FUTURE,2849.0,2259,2849.0,1319,NOTHING
12:00:20,SP-FUTURE,2848.0,2533,2849.0,1045,NOTHING
12:00:21,SP-FUTURE,2849.0,403,2849.0,3175,NOTHING
12:00:22,SP-FUTURE,2850.0,2156,2850.0,1422,NOTHING
12:00:22,SP-FUTURE,2850.0,124,2850.0,3454,NOTHING
12:00:23,SP-FUTURE,2850.0,626,2850.0,2952,NOTHING
12:00:25,SP-FUTURE,2850.0,458,2850.0,3120,NOTHING
12:00:27,SP-FUTURE,2850.0,1325,2850.0,2253,NOTHING
12:00:27,SP-FUTURE,2850.0,1334,2850.0,2244,NOTHING
12:00:28,SP-FUTURE,2848.0,1465,2848.0,2113,NOTHING
12:00:29,SP-FUTURE,2848.0,1469,2848.0,2109,NOTHING
12:00:30,SP-FUTURE,2848.0,2400,2848.0,1178,NOTHING
12:00:32,SP-FUTURE,2848.0,1639,2848.0,1939,NOTHING
12:00:32,SP-FUTURE,2848.0,1948,2848.0,1630,NOTHING
12:00:34,SP-FUTURE,2848.0,687,2848.0,2891,NOTHING
12:00:34,SP-FUTURE,2851.0,2651,2851.0,927,NOTHING
12:00:35,SP-FUTURE,2851.0,3425,2852.0,153,NOTHING
12:00:36,SP-FUTURE,2851.0,2694,2852.0,884,NOTHING
12:00:38,SP-FUTURE,2851.0,2704,2852.0,874,NOTHING
12:00:39,SP-FUTURE,2851.0,2125,2851.0,1453,NOTHING
12:00:39,SP-FUTURE,2851.0,2583,2851.0,995,NOTHING
12:00:40,SP-FUTURE,2851.0,1713,2851.0,1865,NOTHING
12:00:41,SP-FUTURE,2851.0,3451,2851.0,127,NOTHING
12:00:42,SP-FUTURE,2850.0,425,2850.0,3153,NOTHING
12:00:43,SP-FUTURE,2847.0,432,2847.0,3146,NOTHING
12:00:44,SP-FUTURE,2847.0,3496,2847.0,82,NOTHING
12:00:45,SP-FUTURE,2846.0,862,2847.0,2716,NOTHING
12:00:46,SP-FUTURE,2846.0,724,2847.0,2854,NOTHING
12:00:47,SP-FUTURE,2847.0,3051,2847.0,527,NOTHING
12:00:49,SP-FUTURE,2847.0,1688,2847.0,1890,NOTHING
12:00:50,SP-FUTURE,2847.0,1668,2847.0,1910,NOTHING
12:00:52,SP-FUTURE,2847.0,221,2847.0,3357,NOTHING
12:00:52,SP-FUTURE,2847.0,3479,2847.0,99,NOTHING
12:00:53,SP-FUTURE,2847.0,1663,2847.0,1915,NOTHING
12:00:53,SP-FUTURE,2847.0,391,2847.0,3187,NOTHING
12:00:55,SP-FUTURE,2848.0,1865,2848.0,1713,NOTHING
12:00:55,SP-FUTURE,2848.0,3221,2848.0,357,NOTHING
12:00:57,SP-FUTURE,2848.0,262,2848.0,3316,NOTHING
12:00:58,SP-FUTURE,2847.0,1713,2848.0,1865,NOTHING
12:00:59,SP-FUTURE,2847.0,1180,2848.0,2398,NOTHING
12:01:00,SP-FUTURE,2848.0,270,2848.0,3308,BUY
12:01:01,SP-FUTURE,2848.0,283,2848.0,3295,BUY
12:01:03,SP-FUTURE,2848.0,1874,2848.0,1704,BUY
12:01:04,SP-FUTURE,2846.0,3436,2846.0,142,BUY
12:01:05,SP-FUTURE,2846.0,2806,2846.0,772,BUY
12:01:06,SP-FUTURE,2846.0,732,2846.0,2846,BUY
12:01:07,SP-FUTURE,2845.0,3245,2846.0,333,BUY
12:01:08,SP-FUTURE,2846.0,1128,2846.0,2450,BUY
12:01:09,SP-FUTURE,2846.0,476,2846.0,3102,BUY
12:01:11,SP-FUTURE,2846.0,2,2846.0,3576,BUY
12:01:11,SP-FUTURE,2846.0,3201,2846.0,377,BUY
12:01:13,SP-FUTURE,2846.0,2859,2846.0,719,BUY
12:01:14,SP-FUTURE,2845.0,3435,2846.0,143,BUY
12:01:15,SP-FUTURE,2845.0,2037,2846.0,1541,BUY
12:01:16,SP-FUTURE,2845.0,653,2845.0,2925,BUY
12:01:18,SP-FUTURE,2845.0,1151,2845.0,2427,BUY
12:01:19,SP-FUTURE,2845.0,676,2845.0,2902,BUY
12:01:21,SP-FUTURE,2845.0,3168,2845.0,410,BUY
12:01:21,SP-FUTURE,2845.0,459,2845.0,3119,BUY
12:01:23,SP-FUTURE,2845.0,106,2845.0,3472,BUY
12:01:23,SP-FUTURE,2844.0,31,2845.0,3547,BUY
12:01:25,SP-FUTURE,2844.0,927,2844.0,2651,BUY
12:01:26,SP-FUTURE,2844.0,3229,2844.0,349,BUY
12:01:27,SP-FUTURE,2844.0,3435,2844.0,143,BUY
12:01:28,SP-FUTURE,2844.0,3384,2844.0,194,BUY
12:01:28,SP-FUTURE,2844.0,1590,2844.0,1988,BUY
12:01:29,SP-FUTURE,2844.0,1231,2844.0,2347,BUY
12:01:29,SP-FUTURE,2848.0,2163,2848.0,1415,BUY
12:01:29,SP-FUTURE,2848.0,2160,2848.0,1418,BUY
12:01:29,SP-FUTURE,2845.0,196,2846.0,3382,BUY
12:01:31,SP-FUTURE,2845.0,1701,2845.0,1877,BUY
12:01:32,SP-FUTURE,2845.0,1234,2846.0,2344,BUY
12:01:32,SP-FUTURE,2849.0,1205,2849.0,2373,BUY
12:01:33,SP-FUTURE,2849.0,609,2849.0,2969,BUY
12:01:34,SP-FUTURE,2852.0,577,2853.0,3001,BUY
12:01:36,SP-FUTURE,2852.0,251,2852.0,3327,BUY
12:01:36,SP-FUTURE,2852.0,740,2853.0,2838,BUY
12:01:37,SP-FUTURE,2852.0,625,2853.0,2953,BUY
12:01:39,SP-FUTURE,2853.0,1724,2853.0,1854,BUY
12:01:40,SP-FUTURE,2853.0,1557,2854.0,2021,BUY
12:01:40,SP-FUTURE,2853.0,2726,2853.0,852,BUY
12:01:42,SP-FUTURE,2852.0,3373,2853.0,205,BUY
12:01:43,SP-FUTURE,2852.0,3284,2852.0,294,BUY
12:01:43,SP-FUTURE,2852.0,2207,2852.0,1371,BUY
12:01:44,SP-FUTURE,2852.0,2274,2852.0,1304,BUY
12:01:45,SP-FUTURE,2852.0,3242,2852.0,336,BUY
12:01:46,SP-FUTURE,2852.0,3173,2852.0,405,BUY
12:01:47,SP-FUTURE,2852.0,2195,2852.0,1383,BUY
12:01:47,SP-FUTURE,2852.0,2166,2853.0,1412,BUY
12:01:48,SP-FUTURE,2852.0,2533,2853.0,1045,BUY
12:01:49,SP-FUTURE,2852.0,3555,2853.0,23,BUY
12:01:50,SP-FUTURE,2853.0,303,2853.0,3275,BUY
12:01:51,SP-FUTURE,2852.0,2367,2852.0,1211,BUY
12:01:51,SP-FUTURE,2852.0,3198,2852.0,380,BUY
12:01:52,SP-FUTURE,2852.0,3448,2852.0,130,BUY
12:01:53,SP-FUTURE,2852.0,1698,2852.0,1880,BUY
12:01:53,SP-FUTURE,2850.0,2703,2850.0,875,BUY
12:01:54,SP-FUTURE,2850.0,2555,2850.0,1023,BUY
12:01:55,SP-FUTURE,2850.0,3073,2850.0,505,BUY
12:01:57,SP-FUTURE,2850.0,3004,2850.0,574,BUY
12:01:58,SP-FUTURE,2850.0,3186,2850.0,392,BUY
12:01:59,SP-FUTURE,2850.0,3047,2850.0,531,BUY
12:02:00,SP-FUTURE,2851.0,2500,2852.0,1078,NOTHING
12:02:01,SP-FUTURE,2854.0,2387,2854.0,1191,NOTHING
12:02:01,SP-FUTURE,2854.0,2570,2854.0,1008,NOTHING
12:02:02,SP-FUTURE,2854.0,1730,2854.0,1848,NOTHING
12:02:04,SP-FUTURE,2854.0,2099,2854.0,1479,NOTHING
12:02:05,SP-FUTURE,2854.0,2927,2854.0,651,NOTHING
12:02:06,SP-FUTURE,2854.0,2896,2854.0,682,NOTHING
12:02:07,SP-FUTURE,2854.0,563,2855.0,3015,NOTHING
12:02:08,SP-FUTURE,2854.0,2901,2854.0,677,NOTHING
12:02:09,SP-FUTURE,2854.0,2882,2854.0,696,NOTHING
12:02:10,SP-FUTURE,2854.0,834,2854.0,2744,NOTHING
12:02:11,SP-FUTURE,2854.0,1017,2854.0,2561,NOTHING
12:02:11,SP-FUTURE,2854.0,1387,2854.0,2191,NOTHING
12:02:12,SP-FUTURE,2854.0,804,2854.0,2774,NOTHING
12:02:13,SP-FUTURE,2853.0,562,2854.0,3016,NOTHING
12:02:15,SP-FUTURE,2854.0,2922,2854.0,656,NOTHING
12:02:16,SP-FUTURE,2854.0,913,2854.0,2665,NOTHING
12:02:17,SP-FUTURE,2855.0,895,2856.0,2683,NOTHING
12:02:19,SP-FUTURE,2855.0,1023,2856.0,2555,NOTHING
12:02:20,SP-FUTURE,2855.0,1929,2856.0,1649,NOTHING
12:02:21,SP-FUTURE,2855.0,2909,2856.0,669,NOTHING
12:02:21,SP-FUTURE,2856.0,1191,2856.0,2387,NOTHING
12:02:22,SP-FUTURE,2856.0,1176,2856.0,2402,NOTHING
12:02:23,SP-FUTURE,2856.0,1157,2856.0,2421,NOTHING
12:02:24,SP-FUTURE,2856.0,1173,2856.0,2405,NOTHING
12:02:24,SP-FUTURE,2856.0,1091,2856.0,2487,NOTHING
12:02:26,SP-FUTURE,2856.0,1618,2856.0,1960,NOTHING
12:02:27,SP-FUTURE,2856.0,1378,2856.0,2200,NOTHING
12:02:28,SP-FUTURE,2856.0,946,2856.0,2632,NOTHING
12:02:29,SP-FUTURE,2852.0,3421,2852.0,157,NOTHING
12:02:29,SP-FUTURE,2852.0,1457,2852.0,2121,NOTHING
12:02:30,SP-FUTURE,2852.0,1307,2852.0,2271,NOTHING
12:02:31,SP-FUTURE,2852.0,874,2852.0,2704,NOTHING
12:02:31,SP-FUTURE,2852.0,1624,2852.0,1954,NOTHING
12:02:32,SP-FUTURE,2852.0,1512,2852.0,2066,NOTHING
12:02:34,SP-FUTURE,2852.0,686,2852.0,2892,NOTHING
12:02:35,SP-FUTURE,2852.0,2986,2852.0,592,NOTHING
12:02:36,SP-FUTURE,2852.0,3109,2852.0,469,NOTHING
12:02:37,SP-FUTURE,2852.0,972,2852.0,2606,NOTHING
12:02:39,SP-FUTURE,2852.0,318,2852.0,3260,NOTHING
12:02:40,SP-FUTURE,2852.0,1915,2852.0,1663,NOTHING
12:02:40,SP-FUTURE,2852.0,904,2853.0,2674,NOTHING
12:02:42,SP-FUTURE,2852.0,434,2853.0,3144,NOTHING
12:02:43,SP-FUTURE,2852.0,2431,2853.0,1147,NOTHING
12:02:44,SP-FUTURE,2852.0,474,2852.0,3104,NOTHING
12:02:44,SP-FUTURE,2851.0,2552,2852.0,1026,NOTHING
12:02:45,SP-FUTURE,2851.0,2590,2852.0,988,NOTHING
12:02:47,SP-FUTURE,2852.0,581,2853.0,2997,NOTHING
12:02:48,SP-FUTURE,2853.0,203,2853.0,3375,NOTHING
12:02:49,SP-FUTURE,2853.0,906,2853.0,2672,NOTHING
12:02:50,SP-FUTURE,2853.0,1258,2853.0,2320,NOTHING
12:02:51,SP-FUTURE,2853.0,1740,2853.0,1838,NOTHING
12:02:52,SP-FUTURE,2853.0,2396,2854.0,1182,NOTHING
12:02:53,SP-FUTURE,2853.0,2371,2854.0,1207,NOTHING
12:02:54,SP-FUTURE,2854.0,597,2854.0,2981,NOTHING
12:02:55,SP-FUTURE,2854.0,292,2854.0,3286,NOTHING
12:02:56,SP-FUTURE,2854.0,3551,2854.0,27,NOTHING
12:02:57,SP-FUTURE,2854.0,3364,2854.0,214,NOTHING
12:02:58,SP-FUTURE,2854.0,3158,2854.0,420,NOTHING
12:02:59,SP-FUTURE,2854.0,1244,2854.0,2334,NOTHING
12:03:00,SP-FUTURE,2853.0,3486,2854.0,92,NOTHING
12:03:01,SP-FUTURE,2853.0,3528,2854.0,50,NOTHING
12:03:02,SP-FUTURE,2853.0,3567,2854.0,11,NOTHING
12:03:03,SP-FUTURE,2854.0,3396,2854.0,182,NOTHING
12:03:04,SP-FUTURE,2854.0,582,2854.0,2996,NOTHING
12:03:05,SP-FUTURE,2854.0,652,2854.0,2926,NOTHING
12:03:06,SP-FUTURE,2854.0,327,2854.0,3251,NOTHING
12:03:07,SP-FUTURE,2854.0,3559,2854.0,19,NOTHING
12:03:10,SP-FUTURE,2854.0,3279,2854.0,299,NOTHING
12:03:11,SP-FUTURE,2854.0,676,2854.0,2902,NOTHING
12:03:12,SP-FUTURE,2854.0,1077,2854.0,2501,NOTHING
12:03:13,SP-FUTURE,2854.0,3001,2854.0,577,NOTHING
12:03:14,SP-FUTURE,2854.0,1174,2854.0,2404,NOTHING
12:03:14,SP-FUTURE,2854.0,2555,2854.0,1023,NOTHING
12:03:15,SP-FUTURE,2854.0,2474,2854.0,1104,NOTHING
12:03:16,SP-FUTURE,2854.0,2702,2854.0,876,NOTHING
12:03:18,SP-FUTURE,2854.0,2627,2854.0,951,NOTHING
12:03:18,SP-FUTURE,2854.0,3079,2854.0,499,NOTHING
12:03:19,SP-FUTURE,2854.0,3569,2854.0,9,NOTHING
12:03:20,SP-FUTURE,2853.0,2327,2853.0,1251,NOTHING
12:03:21,SP-FUTURE,2853.0,2651,2853.0,927,NOTHING
12:03:21,SP-FUTURE,2853.0,2651,2853.0,927,NOTHING
12:03:22,SP-FUTURE,2852.0,2558,2852.0,1020,NOTHING
12:03:23,SP-FUTURE,2852.0,403,2852.0,3175,NOTHING
12:03:24,SP-FUTURE,2852.0,3265,2852.0,313,NOTHING
12:03:25,SP-FUTURE,2852.0,2826,2852.0,752,NOTHING
12:03:25,SP-FUTURE,2852.0,2607,2852.0,971,NOTHING
12:03:26,SP-FUTURE,2852.0,2605,2852.0,973,NOTHING
12:03:28,SP-FUTURE,2852.0,1241,2852.0,2337,NOTHING
12:03:30,SP-FUTURE,2852.0,1194,2852.0,2384,NOTHING
12:03:31,SP-FUTURE,2852.0,854,2852.0,2724,NOTHING
12:03:32,SP-FUTURE,2852.0,1073,2852.0,2505,NOTHING
12:03:33,SP-FUTURE,2852.0,3201,2852.0,377,NOTHING
12:03:34,SP-FUTURE,2852.0,857,2853.0,2721,NOTHING
12:03:35,SP-FUTURE,2852.0,1775,2852.0,1803,NOTHING
12:03:36,SP-FUTURE,2852.0,1655,2852.0,1923,NOTHING
12:03:36,SP-FUTURE,2852.0,920,2852.0,2658,NOTHING
12:03:37,SP-FUTURE,2851.0,3432,2852.0,146,NOTHING
12:03:37,SP-FUTURE,2852.0,815,2852.0,2763,NOTHING
12:03:38,SP-FUTURE,2852.0,510,2852.0,3068,NOTHING
12:03:40,SP-FUTURE,2856.0,1769,2856.0,1809,NOTHING
12:03:41,SP-FUTURE,2856.0,744,2856.0,2834,NOTHING
12:03:42,SP-FUTURE,2856.0,820,2856.0,2758,NOTHING
12:03:42,SP-FUTURE,2855.0,3081,2855.0,497,NOTHING
12:03:43,SP-FUTURE,2855.0,3296,2855.0,282,NOTHING
12:03:43,SP-FUTURE,2855.0,307,2856.0,3271,NOTHING
12:03:45,SP-FUTURE,2855.0,1207,2856.0,2371,NOTHING
12:03:45,SP-FUTURE,2855.0,2662,2856.0,916,NOTHING
12:03:46,SP-FUTURE,2857.0,1604,2857.0,1974,NOTHING
12:03:47,SP-FUTURE,2857.0,1470,2857.0,2108,NOTHING
12:03:49,SP-FUTURE,2857.0,2578,2857.0,1000,NOTHING
12:03:49,SP-FUTURE,2857.0,1823,2858.0,1755,NOTHING
12:03:50,SP-FUTURE,2857.0,1822,2858.0,1756,NOTHING
12:03:51,SP-FUTURE,2858.0,2042,2858.0,1536,NOTHING
12:03:52,SP-FUTURE,2858.0,1288,2858.0,2290,NOTHING
12:03:53,SP-FUTURE,2858.0,2985,2858.0,593,NOTHING
12:03:55,SP-FUTURE,2858.0,841,2858.0,2737,NOTHING
12:03:56,SP-FUTURE,2859.0,1516,2859.0,2062,NOTHING
12:03:56,SP-FUTURE,2859.0,1444,2859.0,2134,NOTHING
12:03:56,SP-FUTURE,2859.0,2079,2859.0,1499,NOTHING
12:03:57,SP-FUTURE,2859.0,1949,2859.0,1629,NOTHING
12:03:59,SP-FUTURE,2859.0,1113,2859.0,2465,NOTHING
12:04:01,SP-FUTURE,2859.0,679,2859.0,2899,SELL
12:04:03,SP-FUTURE,2858.0,494,2859.0,3084,SELL
12:04:04,SP-FUTURE,2859.0,238,2859.0,3340,SELL
12:04:05,SP-FUTURE,2858.0,1952,2859.0,1626,SELL
12:04:07,SP-FUTURE,2859.0,1028,2859.0,2550,SELL
12:04:07,SP-FUTURE,2860.0,2637,2860.0,941,SELL
12:04:08,SP-FUTURE,2861.0,3141,2862.0,437,SELL
12:04:09,SP-FUTURE,2861.0,917,2862.0,2661,SELL
12:04:11,SP-FUTURE,2861.0,950,2862.0,2628,SELL
12:04:12,SP-FUTURE,2862.0,3446,2862.0,132,SELL
12:04:13,SP-FUTURE,2862.0,20,2862.0,3558,SELL
12:04:13,SP-FUTURE,2862.0,255,2862.0,3323,SELL
12:04:13,SP-FUTURE,2862.0,380,2862.0,3198,SELL
12:04:15,SP-FUTURE,2862.0,1816,2862.0,1762,SELL
12:04:16,SP-FUTURE,2862.0,1913,2862.0,1665,SELL
12:04:17,SP-FUTURE,2862.0,1438,2862.0,2140,SELL
12:04:17,SP-FUTURE,2862.0,2745,2862.0,833,SELL
12:04:18,SP-FUTURE,2862.0,1488,2862.0,2090,SELL
12:04:18,SP-FUTURE,2862.0,593,2862.0,2985,SELL
12:04:19,SP-FUTURE,2862.0,1863,2862.0,1715,SELL
12:04:20,SP-FUTURE,2861.0,104,2862.0,3474,SELL
12:04:21,SP-FUTURE,2862.0,1727,2862.0,1851,SELL
12:04:22,SP-FUTURE,2861.0,3195,2862.0,383,SELL
12:04:23,SP-FUTURE,2861.0,2028,2862.0,1550,SELL
12:04:25,SP-FUTURE,2862.0,2301,2863.0,1277,SELL
12:04:27,SP-FUTURE,2862.0,3009,2862.0,569,SELL
12:04:27,SP-FUTURE,2862.0,2218,2862.0,1360,SELL
12:04:29,SP-FUTURE,2862.0,3153,2862.0,425,SELL
12:04:29,SP-FUTURE,2862.0,2170,2862.0,1408,SELL
12:04:30,SP-FUTURE,2862.0,1926,2862.0,1652,SELL
12:04:30,SP-FUTURE,2862.0,1716,2862.0,1862,SELL
12:04:32,SP-FUTURE,2862.0,2600,2863.0,978,SELL
12:04:32,SP-FUTURE,2862.0,1935,2862.0,1643,SELL
12:04:34,SP-FUTURE,2862.0,2700,2862.0,878,SELL
12:04:35,SP-FUTURE,2860.0,743,2861.0,2835,SELL
12:04:35,SP-FUTURE,2860.0,2249,2861.0,1329,SELL
12:04:37,SP-FUTURE,2860.0,2467,2861.0,1111,SELL
12:04:39,SP-FUTURE,2858.0,3136,2858.0,442,SELL
12:04:39,SP-FUTURE,2858.0,1033,2858.0,2545,SELL
12:04:39,SP-FUTURE,2858.0,1020,2858.0,2558,SELL
12:04:41,SP-FUTURE,2858.0,582,2858.0,2996,SELL
12:04:42,SP-FUTURE,2858.0,632,2858.0,2946,SELL
12:04:43,SP-FUTURE,2858.0,2120,2858.0,1458,SELL
12:04:44,SP-FUTURE,2858.0,2124,2858.0,1454,SELL
12:04:45,SP-FUTURE,2858.0,2964,2858.0,614,SELL
12:04:46,SP-FUTURE,2858.0,2957,2858.0,621,SELL
12:04:47,SP-FUTURE,2858.0,1873,2858.0,1705,SELL
12:04:48,SP-FUTURE,2858.0,3320,2859.0,258,SELL
12:04:49,SP-FUTURE,2859.0,231,2859.0,3347,SELL
12:04:50,SP-FUTURE,2859.0,2266,2859.0,1312,SELL
12:04:52,SP-FUTURE,2858.0,313,2858.0,3265,SELL
12:04:53,SP-FUTURE,2858.0,648,2858.0,2930,SELL
12:04:54,SP-FUTURE,2858.0,2763,2858.0,815,SELL
12:04:55,SP-FUTURE,2857.0,3220,2858.0,358,SELL
12:04:56,SP-FUTURE,2858.0,3476,2858.0,102,SELL
12:04:57,SP-FUTURE,2860.0,2161,2860.0,1417,SELL
12:04:57,SP-FUTURE,2858.0,1185,2859.0,2393,SELL
12:04:58,SP-FUTURE,2859.0,2387,2859.0,1191,SELL
12:04:59,SP-FUTURE,2859.0,271,2859.0,3307,SELL
12:04:59,SP-FUTURE,2859.0,3342,2859.0,236,SELL
12:05:02,SP-FUTURE,2859.0,1782,2859.0,1796,NOTHING
12:05:02,SP-FUTURE,2859.0,1625,2860.0,1953,NOTHING
12:05:04,SP-FUTURE,2859.0,3016,2859.0,562,NOTHING
12:05:04,SP-FUTURE,2859.0,3015,2859.0,563,NOTHING
12:05:06,SP-FUTURE,2860.0,1443,2860.0,2135,NOTHING
12:05:07,SP-FUTURE,2859.0,3453,2859.0,125,NOTHING
12:05:09,SP-FUTURE,2859.0,2197,2860.0,1381,NOTHING
12:05:10,SP-FUTURE,2860.0,1288,2860.0,2290,NOTHING
12:05:12,SP-FUTURE,2860.0,965,2860.0,2613,NOTHING
12:05:12,SP-FUTURE,2860.0,1505,2860.0,2073,NOTHING
12:05:13,SP-FUTURE,2857.0,3331,2857.0,247,NOTHING
12:05:15,SP-FUTURE,2857.0,2211,2857.0,1367,NOTHING
12:05:16,SP-FUTURE,2857.0,3461,2857.0,117,NOTHING
12:05:17,SP-FUTURE,2857.0,1838,2857.0,1740,NOTHING
12:05:18,SP-FUTURE,2857.0,2082,2857.0,1496,NOTHING
12:05:19,SP-FUTURE,2857.0,2371,2857.0,1207,NOTHING
12:05:20,SP-FUTURE,2857.0,616,2858.0,2962,NOTHING
12:05:21,SP-FUTURE,2857.0,2228,2858.0,1350,NOTHING
12:05:23,SP-FUTURE,2857.0,1589,2857.0,1989,NOTHING
12:05:24,SP-FUTURE,2857.0,2349,2857.0,1229,NOTHING
12:05:25,SP-FUTURE,2857.0,2781,2857.0,797,NOTHING
12:05:26,SP-FUTURE,2857.0,2819,2857.0,759,NOTHING
12:05:27,SP-FUTURE,2857.0,3127,2857.0,451,NOTHING
12:05:28,SP-FUTURE,2856.0,146,2857.0,3432,NOTHING
12:05:29,SP-FUTURE,2856.0,152,2857.0,3426,NOTHING
12:05:30,SP-FUTURE,2856.0,2097,2857.0,1481,NOTHING
12:05:31,SP-FUTURE,2857.0,1321,2858.0,2257,NOTHING
12:05:31,SP-FUTURE,2857.0,1245,2858.0,2333,NOTHING
12:05:33,SP-FUTURE,2857.0,296,2858.0,3282,NOTHING
12:05:35,SP-FUTURE,2858.0,658,2858.0,2920,NOTHING
12:05:36,SP-FUTURE,2858.0,949,2858.0,2629,NOTHING
12:05:37,SP-FUTURE,2858.0,979,2858.0,2599,NOTHING
12:05:37,SP-FUTURE,2858.0,3287,2858.0,291,NOTHING
12:05:39,SP-FUTURE,2858.0,1723,2858.0,1855,NOTHING
12:05:41,SP-FUTURE,2858.0,323,2858.0,3255,NOTHING
12:05:42,SP-FUTURE,2857.0,2837,2858.0,741,NOTHING
12:05:43,SP-FUTURE,2858.0,694,2858.0,2884,NOTHING
12:05:45,SP-FUTURE,2858.0,1619,2858.0,1959,NOTHING
12:05:46,SP-FUTURE,2858.0,3393,2858.0,185,NOTHING
12:05:47,SP-FUTURE,2858.0,1586,2858.0,1992,NOTHING
12:05:48,SP-FUTURE,2858.0,2414,2858.0,1164,NOTHING
12:05:49,SP-FUTURE,2858.0,2414,2858.0,1164,NOTHING
12:05:50,SP-FUTURE,2857.0,2775,2857.0,803,NOTHING
12:05:51,SP-FUTURE,2856.0,3138,2856.0,440,NOTHING
12:05:52,SP-FUTURE,2856.0,3032,2856.0,546,NOTHING
12:05:53,SP-FUTURE,2856.0,3159,2856.0,419,NOTHING
12:05:54,SP-FUTURE,2856.0,3085,2856.0,493,NOTHING
12:05:55,SP-FUTURE,2856.0,3100,2856.0,478,NOTHING
12:05:56,SP-FUTURE,2856.0,3047,2856.0,531,NOTHING
12:05:58,SP-FUTURE,2856.0,120,2856.0,3458,NOTHING
12:05:59,SP-FUTURE,2856.0,114,2856.0,3464,NOTHING
12:06:00,SP-FUTURE,2856.0,1160,2856.0,2418,NOTHING
12:06:02,SP-FUTURE,2856.0,2901,2856.0,677,NOTHING
12:06:03,SP-FUTURE,2856.0,2724,2857.0,854,NOTHING
12:06:03,SP-FUTURE,2857.0,1236,2857.0,2342,NOTHING
12:06:05,SP-FUTURE,2857.0,3464,2858.0,114,NOTHING
12:06:07,SP-FUTURE,2858.0,668,2858.0,2910,NOTHING
12:06:07,SP-FUTURE,2858.0,623,2858.0,2955,NOTHING
12:06:08,SP-FUTURE,2858.0,1057,2858.0,2521,NOTHING
12:06:10,SP-FUTURE,2858.0,3573,2858.0,5,NOTHING
12:06:10,SP-FUTURE,2858.0,9,2858.0,3569,NOTHING
12:06:11,SP-FUTURE,2858.0,3402,2858.0,176,NOTHING
12:06:12,SP-FUTURE,2858.0,2488,2858.0,1090,NOTHING
12:06:12,SP-FUTURE,2858.0,3315,2858.0,263,NOTHING
12:06:13,SP-FUTURE,2854.0,3469,2854.0,109,NOTHING
12:06:13,SP-FUTURE,2854.0,239,2855.0,3339,NOTHING
12:06:14,SP-FUTURE,2852.0,52,2852.0,3526,NOTHING
12:06:15,SP-FUTURE,2851.0,2358,2852.0,1220,NOTHING
12:06:16,SP-FUTURE,2851.0,1662,2852.0,1916,NOTHING
12:06:17,SP-FUTURE,2851.0,1979,2852.0,1599,NOTHING
12:06:18,SP-FUTURE,2851.0,2451,2851.0,1127,NOTHING
12:06:19,SP-FUTURE,2850.0,862,2851.0,2716,NOTHING
12:06:19,SP-FUTURE,2850.0,1149,2851.0,2429,NOTHING
12:06:19,SP-FUTURE,2851.0,1956,2851.0,1622,NOTHING
12:06:20,SP-FUTURE,2851.0,1460,2851.0,2118,NOTHING
12:06:21,SP-FUTURE,2851.0,274,2851.0,3304,NOTHING
12:06:22,SP-FUTURE,2851.0,1900,2851.0,1678,NOTHING
12:06:23,SP-FUTURE,2851.0,2148,2851.0,1430,NOTHING
12:06:23,SP-FUTURE,2851.0,431,2852.0,3147,NOTHING
12:06:23,SP-FUTURE,2848.0,2624,2848.0,954,NOTHING
12:06:24,SP-FUTURE,2848.0,2369,2849.0,1209,NOTHING
12:06:25,SP-FUTURE,2849.0,47,2850.0,3531,NOTHING
12:06:27,SP-FUTURE,2849.0,2381,2850.0,1197,NOTHING
12:06:28,SP-FUTURE,2849.0,2791,2849.0,787,NOTHING
12:06:30,SP-FUTURE,2849.0,2565,2849.0,1013,NOTHING
12:06:32,SP-FUTURE,2849.0,1962,2849.0,1616,NOTHING
12:06:33,SP-FUTURE,2849.0,1312,2849.0,2266,NOTHING
12:06:34,SP-FUTURE,2849.0,2878,2849.0,700,NOTHING
12:06:36,SP-FUTURE,2849.0,2908,2849.0,670,NOTHING
12:06:37,SP-FUTURE,2849.0,3343,2849.0,235,NOTHING
12:06:38,SP-FUTURE,2849.0,2377,2849.0,1201,NOTHING
12:06:40,SP-FUTURE,2849.0,1162,2849.0,2416,NOTHING
12:06:40,SP-FUTURE,2849.0,2313,2849.0,1265,NOTHING
12:06:40,SP-FUTURE,2849.0,2173,2849.0,1405,NOTHING
12:06:42,SP-FUTURE,2849.0,1552,2849.0,2026,NOTHING
12:06:42,SP-FUTURE,2849.0,650,2849.0,2928,NOTHING
12:06:43,SP-FUTURE,2849.0,180,2849.0,3398,NOTHING
12:06:44,SP-FUTURE,2849.0,8,2849.0,3570,NOTHING
12:06:44,SP-FUTURE,2849.0,551,2849.0,3027,NOTHING
12:06:46,SP-FUTURE,2849.0,550,2849.0,3028,NOTHING
12:06:46,SP-FUTURE,2849.0,544,2849.0,3034,NOTHING
12:06:47,SP-FUTURE,2848.0,3107,2849.0,471,NOTHING
12:06:48,SP-FUTURE,2848.0,3024,2849.0,554,NOTHING
12:06:49,SP-FUTURE,2848.0,2696,2849.0,882,NOTHING
12:06:49,SP-FUTURE,2848.0,1959,2849.0,1619,NOTHING
12:06:50,SP-FUTURE,2849.0,3354,2849.0,224,NOTHING
12:06:51,SP-FUTURE,2849.0,936,2849.0,2642,NOTHING
12:06:53,SP-FUTURE,2849.0,3269,2849.0,309,NOTHING
12:06:54,SP-FUTURE,2849.0,1897,2850.0,1681,NOTHING
12:06:56,SP-FUTURE,2849.0,1107,2850.0,2471,NOTHING
12:06:57,SP-FUTURE,2849.0,674,2849.0,2904,NOTHING
12:06:59,SP-FUTURE,2849.0,3147,2849.0,431,NOTHING
12:07:00,SP-FUTURE,2849.0,2281,2849.0,1297,BUY
12:07:01,SP-FUTURE,2849.0,716,2849.0,2862,BUY
12:07:03,SP-FUTURE,2849.0,1207,2849.0,2371,BUY
12:07:04,SP-FUTURE,2849.0,1926,2849.0,1652,BUY
12:07:04,SP-FUTURE,2849.0,805,2849.0,2773,BUY
12:07:05,SP-FUTURE,2849.0,851,2849.0,2727,BUY
12:07:06,SP-FUTURE,2850.0,1600,2850.0,1978,BUY
12:07:06,SP-FUTURE,2850.0,195,2850.0,3383,BUY
12:07:06,SP-FUTURE,2851.0,449,2851.0,3129,BUY
12:07:07,SP-FUTURE,2851.0,1595,2851.0,1983,BUY
12:07:07,SP-FUTURE,2851.0,2076,2851.0,1502,BUY
12:07:08,SP-FUTURE,2851.0,3572,2851.0,6,BUY
12:07:09,SP-FUTURE,2852.0,743,2852.0,2835,BUY
12:07:10,SP-FUTURE,2851.0,3380,2852.0,198,BUY
12:07:11,SP-FUTURE,2851.0,3016,2852.0,562,BUY
12:07:12,SP-FUTURE,2851.0,843,2852.0,2735,BUY
12:07:13,SP-FUTURE,2851.0,707,2852.0,2871,BUY
12:07:14,SP-FUTURE,2851.0,633,2852.0,2945,BUY
12:07:15,SP-FUTURE,2851.0,1995,2852.0,1583,BUY
12:07:17,SP-FUTURE,2851.0,713,2852.0,2865,BUY
12:07:17,SP-FUTURE,2849.0,1133,2849.0,2445,BUY
12:07:19,SP-FUTURE,2849.0,1016,2849.0,2562,BUY
12:07:19,SP-FUTURE,2848.0,772,2849.0,2806,BUY
12:07:22,SP-FUTURE,2848.0,869,2849.0,2709,BUY
12:07:23,SP-FUTURE,2848.0,1364,2849.0,2214,BUY
12:07:24,SP-FUTURE,2848.0,1579,2849.0,1999,BUY
12:07:25,SP-FUTURE,2848.0,1415,2849.0,2163,BUY
12:07:25,SP-FUTURE,2848.0,1187,2849.0,2391,BUY
12:07:25,SP-FUTURE,2848.0,1175,2849.0,2403,BUY
12:07:26,SP-FUTURE,2848.0,1169,2849.0,2409,BUY
12:07:26,SP-FUTURE,2848.0,1174,2849.0,2404,BUY
12:07:27,SP-FUTURE,2853.0,1707,2853.0,1871,BUY
12:07:29,SP-FUTURE,2853.0,1946,2853.0,1632,BUY
12:07:29,SP-FUTURE,2855.0,1209,2855.0,2369,BUY
12:07:30,SP-FUTURE,2855.0,1617,2856.0,1961,BUY
12:07:31,SP-FUTURE,2856.0,1061,2856.0,2517,BUY
12:07:32,SP-FUTURE,2855.0,3505,2856.0,73,BUY
12:07:34,SP-FUTURE,2856.0,369,2856.0,3209,BUY
12:07:35,SP-FUTURE,2852.0,1445,2852.0,2133,BUY
12:07:37,SP-FUTURE,2852.0,2409,2852.0,1169,BUY
12:07:37,SP-FUTURE,2852.0,2126,2852.0,1452,BUY
12:07:38,SP-FUTURE,2852.0,2636,2852.0,942,BUY
12:07:40,SP-FUTURE,2852.0,1604,2852.0,1974,BUY
12:07:41,SP-FUTURE,2853.0,854,2854.0,2724,BUY
12:07:42,SP-FUTURE,2853.0,2606,2854.0,972,BUY
12:07:43,SP-FUTURE,2854.0,2426,2854.0,1152,BUY
12:07:44,SP-FUTURE,2853.0,2721,2854.0,857,BUY
12:07:45,SP-FUTURE,2853.0,3119,2854.0,459,BUY
12:07:46,SP-FUTURE,2853.0,475,2854.0,3103,BUY
12:07:48,SP-FUTURE,2853.0,2666,2853.0,912,BUY
12:07:49,SP-FUTURE,2853.0,2905,2853.0,673,BUY
12:07:50,SP-FUTURE,2857.0,2500,2857.0,1078,BUY
12:07:51,SP-FUTURE,2857.0,1503,2857.0,2075,BUY
12:07:52,SP-FUTURE,2857.0,1514,2857.0,2064,BUY
12:07:54,SP-FUTURE,2857.0,1531,2857.0,2047,BUY
12:07:54,SP-FUTURE,2857.0,2417,2857.0,1161,BUY
12:07:56,SP-FUTURE,2856.0,2866,2856.0,712,BUY
12:07:58,SP-FUTURE,2856.0,488,2856.0,3090,BUY
12:07:59,SP-FUTURE,2856.0,2991,2856.0,587,BUY
12:08:00,SP-FUTURE,2856.0,3196,2856.0,382,NOTHING
12:08:02,SP-FUTURE,2856.0,3193,2856.0,385,NOTHING
12:08:03,SP-FUTURE,2856.0,757,2856.0,2821,NOTHING
12:08:04,SP-FUTURE,2856.0,3110,2856.0,468,NOTHING
12:08:04,SP-FUTURE,2856.0,488,2856.0,3090,NOTHING
12:08:05,SP-FUTURE,2856.0,831,2856.0,2747,NOTHING
12:08:07,SP-FUTURE,2855.0,3488,2856.0,90,NOTHING
12:08:08,SP-FUTURE,2855.0,3556,2856.0,22,NOTHING
12:08:09,SP-FUTURE,2855.0,1547,2855.0,2031,NOTHING
12:08:10,SP-FUTURE,2856.0,2294,2856.0,1284,NOTHING
12:08:10,SP-FUTURE,2856.0,1084,2856.0,2494,NOTHING
12:08:11,SP-FUTURE,2855.0,2215,2855.0,1363,NOTHING
12:08:12,SP-FUTURE,2855.0,1861,2855.0,1717,NOTHING
12:08:13,SP-FUTURE,2855.0,1699,2855.0,1879,NOTHING
12:08:14,SP-FUTURE,2855.0,2494,2856.0,1084,NOTHING
12:08:15,SP-FUTURE,2857.0,561,2857.0,3017,NOTHING
12:08:15,SP-FUTURE,2857.0,2063,2857.0,1515,NOTHING
12:08:16,SP-FUTURE,2857.0,858,2857.0,2720,NOTHING
12:08:17,SP-FUTURE,2857.0,1638,2857.0,1940,NOTHING
12:08:18,SP-FUTURE,2857.0,2832,2857.0,746,NOTHING
12:08:19,SP-FUTURE,2857.0,2856,2857.0,722,NOTHING
12:08:20,SP-FUTURE,2857.0,2626,2857.0,952,NOTHING
12:08:20,SP-FUTURE,2857.0,2856,2857.0,722,NOTHING
12:08:21,SP-FUTURE,2857.0,3113,2857.0,465,NOTHING
12:08:22,SP-FUTURE,2857.0,2273,2857.0,1305,NOTHING
12:08:24,SP-FUTURE,2857.0,3378,2857.0,200,NOTHING
12:08:26,SP-FUTURE,2857.0,3374,2857.0,204,NOTHING
12:08:27,SP-FUTURE,2857.0,107,2858.0,3471,NOTHING
12:08:28,SP-FUTURE,2857.0,123,2858.0,3455,NOTHING
12:08:28,SP-FUTURE,2857.0,2836,2857.0,742,NOTHING
12:08:28,SP-FUTURE,2857.0,3074,2857.0,504,NOTHING
12:08:30,SP-FUTURE,2854.0,2694,2855.0,884,NOTHING
12:08:31,SP-FUTURE,2855.0,307,2855.0,3271,NOTHING
12:08:32,SP-FUTURE,2855.0,1480,2855.0,2098,NOTHING
12:08:33,SP-FUTURE,2858.0,2498,2858.0,1080,NOTHING
12:08:34,SP-FUTURE,2858.0,2564,2858.0,1014,NOTHING
12:08:34,SP-FUTURE,2858.0,3013,2858.0,565,NOTHING
12:08:35,SP-FUTURE,2858.0,3007,2858.0,571,NOTHING
12:08:36,SP-FUTURE,2857.0,2042,2857.0,1536,NOTHING
12:08:36,SP-FUTURE,2858.0,3390,2858.0,188,NOTHING
12:08:37,SP-FUTURE,2858.0,1595,2858.0,1983,NOTHING
12:08:38,SP-FUTURE,2858.0,1021,2858.0,2557,NOTHING
12:08:39,SP-FUTURE,2858.0,2554,2858.0,1024,NOTHING
12:08:40,SP-FUTURE,2859.0,163,2859.0,3415,NOTHING
12:08:41,SP-FUTURE,2861.0,3507,2861.0,71,NOTHING
12:08:41,SP-FUTURE,2862.0,501,2862.0,3077,NOTHING
12:08:43,SP-FUTURE,2862.0,791,2862.0,2787,NOTHING
12:08:43,SP-FUTURE,2861.0,1853,2862.0,1725,NOTHING
12:08:44,SP-FUTURE,2862.0,397,2862.0,3181,NOTHING
12:08:45,SP-FUTURE,2862.0,1210,2862.0,2368,NOTHING
12:08:46,SP-FUTURE,2862.0,2017,2862.0,1561,NOTHING
12:08:47,SP-FUTURE,2862.0,1880,2862.0,1698,NOTHING
12:08:48,SP-FUTURE,2862.0,1853,2862.0,1725,NOTHING
12:08:49,SP-FUTURE,2862.0,2889,2862.0,689,NOTHING
12:08:50,SP-FUTURE,2861.0,2066,2861.0,1512,NOTHING
12:08:51,SP-FUTURE,2861.0,1986,2861.0,1592,NOTHING
12:08:53,SP-FUTURE,2860.0,44,2860.0,3534,NOTHING
12:08:54,SP-FUTURE,2860.0,1431,2860.0,2147,NOTHING
12:08:55,SP-FUTURE,2858.0,868,2858.0,2710,NOTHING
12:08:57,SP-FUTURE,2858.0,904,2858.0,2674,NOTHING
12:08:58,SP-FUTURE,2858.0,2835,2858.0,743,NOTHING
12:08:59,SP-FUTURE,2855.0,3553,2855.0,25,NOTHING
12:09:00,SP-FUTURE,2855.0,1202,2855.0,2376,NOTHING
12:09:01,SP-FUTURE,2855.0,659,2856.0,2919,NOTHING
12:09:02,SP-FUTURE,2855.0,595,2856.0,2983,NOTHING
12:09:03,SP-FUTURE,2855.0,596,2856.0,2982,NOTHING
12:09:04,SP-FUTURE,2855.0,1054,2855.0,2524,NOTHING
12:09:05,SP-FUTURE,2855.0,1300,2855.0,2278,NOTHING
12:09:06,SP-FUTURE,2855.0,652,2855.0,2926,NOTHING
12:09:07,SP-FUTURE,2855.0,3268,2855.0,310,NOTHING
12:09:08,SP-FUTURE,2855.0,1619,2855.0,1959,NOTHING
12:09:10,SP-FUTURE,2855.0,1612,2855.0,1966,NOTHING
12:09:11,SP-FUTURE,2855.0,1512,2855.0,2066,NOTHING
12:09:12,SP-FUTURE,2855.0,1998,2856.0,1580,NOTHING
12:09:13,SP-FUTURE,2855.0,499,2856.0,3079,NOTHING
12:09:14,SP-FUTURE,2855.0,2139,2856.0,1439,NOTHING
12:09:14,SP-FUTURE,2856.0,2394,2856.0,1184,NOTHING
12:09:14,SP-FUTURE,2856.0,721,2856.0,2857,NOTHING
12:09:15,SP-FUTURE,2856.0,1761,2856.0,1817,NOTHING
12:09:15,SP-FUTURE,2856.0,260,2857.0,3318,NOTHING
12:09:16,SP-FUTURE,2856.0,1734,2857.0,1844,NOTHING
12:09:19,SP-FUTURE,2856.0,2832,2857.0,746,NOTHING
12:09:19,SP-FUTURE,2856.0,1432,2857.0,2146,NOTHING
12:09:21,SP-FUTURE,2857.0,141,2857.0,3437,NOTHING
12:09:21,SP-FUTURE,2857.0,1459,2857.0,2119,NOTHING
12:09:22,SP-FUTURE,2857.0,3520,2857.0,58,NOTHING
12:09:23,SP-FUTURE,2857.0,1722,2857.0,1856,NOTHING
12:09:24,SP-FUTURE,2857.0,1099,2857.0,2479,NOTHING
12:09:25,SP-FUTURE,2857.0,602,2857.0,2976,NOTHING
12:09:27,SP-FUTURE,2857.0,1136,2857.0,2442,NOTHING
12:09:28,SP-FUTURE,2858.0,1222,2858.0,2356,NOTHING
12:09:28,SP-FUTURE,2858.0,1622,2858.0,1956,NOTHING
12:09:30,SP-FUTURE,2858.0,1739,2858.0,1839,NOTHING
12:09:32,SP-FUTURE,2857.0,1414,2858.0,2164,NOTHING
12:09:32,SP-FUTURE,2857.0,2245,2858.0,1333,NOTHING
12:09:33,SP-FUTURE,2857.0,1867,2858.0,1711,NOTHING
12:09:35,SP-FUTURE,2857.0,3298,2857.0,280,NOTHING
12:09:35,SP-FUTURE,2857.0,1554,2858.0,2024,NOTHING
12:09:36,SP-FUTURE,2858.0,560,2858.0,3018,NOTHING
12:09:37,SP-FUTURE,2857.0,1065,2857.0,2513,NOTHING
12:09:38,SP-FUTURE,2857.0,757,2857.0,2821,NOTHING
12:09:39,SP-FUTURE,2857.0,864,2857.0,2714,NOTHING
12:09:40,SP-FUTURE,2857.0,1579,2857.0,1999,NOTHING
12:09:41,SP-FUTURE,2857.0,1451,2857.0,2127,NOTHING
12:09:43,SP-FUTURE,2857.0,1999,2857.0,1579,NOTHING
12:09:43,SP-FUTURE,2857.0,467,2857.0,3111,NOTHING
12:09:44,SP-FUTURE,2857.0,1350,2857.0,2228,NOTHING
12:09:45,SP-FUTURE,2857.0,1291,2857.0,2287,NOTHING
12:09:47,SP-FUTURE,2857.0,206,2857.0,3372,NOTHING
12:09:47,SP-FUTURE,2857.0,937,2857.0,2641,NOTHING
12:09:47,SP-FUTURE,2856.0,1344,2857.0,2234,NOTHING
12:09:48,SP-FUTURE,2856.0,1303,2857.0,2275,NOTHING
12:09:49,SP-FUTURE,2856.0,1290,2857.0,2288,NOTHING
12:09:50,SP-FUTURE,2858.0,1114,2858.0,2464,NOTHING
12:09:51,SP-FUTURE,2858.0,1028,2858.0,2550,NOTHING
12:09:53,SP-FUTURE,2859.0,661,2859.0,2917,NOTHING
12:09:54,SP-FUTURE,2859.0,2039,2859.0,1539,NOTHING
12:09:55,SP-FUTURE,2859.0,373,2859.0,3205,NOTHING
12:09:56,SP-FUTURE,2859.0,884,2859.0,2694,NOTHING
12:09:58,SP-FUTURE,2859.0,480,2859.0,3098,NOTHING
12:10:00,SP-FUTURE,2859.0,273,2859.0,3305,NOTHING
12:10:00,SP-FUTURE,2859.0,2,2859.0,3576,NOTHING
12:10:02,SP-FUTURE,2859.0,610,2859.0,2968,NOTHING
12:10:02,SP-FUTURE,2859.0,2907,2859.0,671,NOTHING
12:10:04,SP-FUTURE,2858.0,936,2859.0,2642,NOTHING
12:10:05,SP-FUTURE,2858.0,316,2859.0,3262,NOTHING
12:10:06,SP-FUTURE,2858.0,312,2859.0,3266,NOTHING
12:10:08,SP-FUTURE,2858.0,1581,2858.0,1997,NOTHING
12:10:09,SP-FUTURE,2858.0,3207,2858.0,371,NOTHING
12:10:11,SP-FUTURE,2858.0,138,2859.0,3440,NOTHING
12:10:12,SP-FUTURE,2858.0,3559,2858.0,19,NOTHING
12:10:12,SP-FUTURE,2859.0,344,2859.0,3234,NOTHING
12:10:14,SP-FUTURE,2859.0,1821,2859.0,1757,NOTHING
12:10:16,SP-FUTURE,2857.0,2328,2858.0,1250,NOTHING
12:10:17,SP-FUTURE,2857.0,1738,2857.0,1840,NOTHING
12:10:19,SP-FUTURE,2856.0,2973,2857.0,605,NOTHING
12:10:20,SP-FUTURE,2856.0,2484,2857.0,1094,NOTHING
12:10:22,SP-FUTURE,2857.0,2667,2857.0,911,NOTHING
12:10:23,SP-FUTURE,2857.0,637,2857.0,2941,NOTHING
12:10:24,SP-FUTURE,2857.0,2357,2857.0,1221,NOTHING
12:10:25,SP-FUTURE,2858.0,1136,2858.0,2442,NOTHING
12:10:26,SP-FUTURE,2858.0,2667,2858.0,911,NOTHING
12:10:27,SP-FUTURE,2858.0,2776,2858.0,802,NOTHING
12:10:28,SP-FUTURE,2858.0,1585,2858.0,1993,NOTHING
12:10:28,SP-FUTURE,2859.0,1290,2859.0,2288,NOTHING
12:10:30,SP-FUTURE,2861.0,92,2862.0,3486,NOTHING
12:10:32,SP-FUTURE,2861.0,477,2862.0,3101,NOTHING
12:10:32,SP-FUTURE,2861.0,649,2861.0,2929,NOTHING
12:10:33,SP-FUTURE,2861.0,670,2861.0,2908,NOTHING
12:10:34,SP-FUTURE,2861.0,3264,2861.0,314,NOTHING
12:10:36,SP-FUTURE,2861.0,275,2862.0,3303,NOTHING
12:10:37,SP-FUTURE,2861.0,910,2861.0,2668,NOTHING
12:10:38,SP-FUTURE,2861.0,1850,2861.0,1728,NOTHING
12:10:40,SP-FUTURE,2860.0,2233,2861.0,1345,NOTHING
12:10:41,SP-FUTURE,2860.0,2353,2861.0,1225,NOTHING
12:10:43,SP-FUTURE,2860.0,3145,2861.0,433,NOTHING
12:10:44,SP-FUTURE,2860.0,1522,2860.0,2056,NOTHING
12:10:45,SP-FUTURE,2856.0,3297,2856.0,281,NOTHING
12:10:47,SP-FUTURE,2856.0,3472,2857.0,106,NOTHING
12:10:48,SP-FUTURE,2857.0,714,2857.0,2864,NOTHING
12:10:50,SP-FUTURE,2857.0,581,2857.0,2997,NOTHING
12:10:51,SP-FUTURE,2861.0,1696,2861.0,1882,NOTHING
12:10:53,SP-FUTURE,2861.0,34,2861.0,3544,NOTHING
12:10:53,SP-FUTURE,2860.0,594,2861.0,2984,NOTHING
12:10:54,SP-FUTURE,2861.0,440,2861.0,3138,NOTHING
12:10:55,SP-FUTURE,2861.0,2252,2861.0,1326,NOTHING
12:10:55,SP-FUTURE,2861.0,2417,2861.0,1161,NOTHING
12:10:55,SP-FUTURE,2861.0,183,2861.0,3395,NOTHING
12:10:56,SP-FUTURE,2863.0,1441,2863.0,2137,NOTHING
12:10:56,SP-FUTURE,2864.0,2063,2864.0,1515,NOTHING
12:10:57,SP-FUTURE,2863.0,3159,2863.0,419,NOTHING
12:10:58,SP-FUTURE,2863.0,2309,2863.0,1269,NOTHING
12:10:59,SP-FUTURE,2863.0,1526,2863.0,2052,NOTHING
12:11:00,SP-FUTURE,2863.0,1395,2863.0,2183,NOTHING
12:11:01,SP-FUTURE,2863.0,1329,2863.0,2249,NOTHING
12:11:02,SP-FUTURE,2863.0,2544,2863.0,1034,NOTHING
12:11:03,SP-FUTURE,2863.0,1217,2863.0,2361,NOTHING
12:11:03,SP-FUTURE,2863.0,251,2863.0,3327,NOTHING
12:11:04,SP-FUTURE,2863.0,792,2863.0,2786,NOTHING
12:11:05,SP-FUTURE,2863.0,2677,2863.0,901,NOTHING
12:11:06,SP-FUTURE,2863.0,1857,2863.0,1721,NOTHING
12:11:07,SP-FUTURE,2863.0,327,2863.0,3251,NOTHING
12:11:08,SP-FUTURE,2863.0,2022,2864.0,1556,NOTHING
12:11:09,SP-FUTURE,2864.0,1588,2864.0,1990,NOTHING
12:11:11,SP-FUTURE,2863.0,3389,2864.0,189,NOTHING
12:11:12,SP-FUTURE,2863.0,3313,2864.0,265,NOTHING
12:11:13,SP-FUTURE,2863.0,1583,2864.0,1995,NOTHING
12:11:15,SP-FUTURE,2863.0,2705,2864.0,873,NOTHING
12:11:16,SP-FUTURE,2864.0,2999,2864.0,579,NOTHING
12:11:17,SP-FUTURE,2864.0,3280,2865.0,298,NOTHING
12:11:17,SP-FUTURE,2865.0,114,2865.0,3464,NOTHING
12:11:19,SP-FUTURE,2865.0,617,2865.0,2961,NOTHING
12:11:21,SP-FUTURE,2865.0,2234,2865.0,1344,NOTHING
12:11:22,SP-FUTURE,2866.0,2035,2867.0,1543,NOTHING
12:11:23,SP-FUTURE,2867.0,562,2867.0,3016,NOTHING
12:11:24,SP-FUTURE,2867.0,215,2867.0,3363,NOTHING
12:11:26,SP-FUTURE,2866.0,3538,2867.0,40,NOTHING
12:11:27,SP-FUTURE,2866.0,2386,2866.0,1192,NOTHING
12:11:29,SP-FUTURE,2866.0,506,2867.0,3072,NOTHING
12:11:29,SP-FUTURE,2866.0,1739,2866.0,1839,NOTHING
12:11:30,SP-FUTURE,2865.0,2668,2866.0,910,NOTHING
12:11:33,SP-FUTURE,2865.0,3490,2866.0,88,NOTHING
12:11:34,SP-FUTURE,2866.0,720,2866.0,2858,NOTHING
12:11:36,SP-FUTURE,2866.0,478,2866.0,3100,NOTHING
12:11:37,SP-FUTURE,2866.0,3422,2866.0,156,NOTHING
12:11:38,SP-FUTURE,2867.0,1512,2867.0,2066,NOTHING
12:11:38,SP-FUTURE,2867.0,1482,2867.0,2096,NOTHING
12:11:39,SP-FUTURE,2867.0,905,2867.0,2673,NOTHING
12:11:39,SP-FUTURE,2866.0,3085,2867.0,493,NOTHING
12:11:41,SP-FUTURE,2867.0,29,2867.0,3549,NOTHING
12:11:42,SP-FUTURE,2867.0,655,2867.0,2923,NOTHING
12:11:44,SP-FUTURE,2867.0,534,2867.0,3044,NOTHING
12:11:45,SP-FUTURE,2867.0,201,2867.0,3377,NOTHING
12:11:46,SP-FUTURE,2867.0,1993,2867.0,1585,NOTHING
12:11:47,SP-FUTURE,2867.0,2612,2867.0,966,NOTHING
12:11:47,SP-FUTURE,2867.0,2695,2867.0,883,NOTHING
12:11:48,SP-FUTURE,2867.0,99,2867.0,3479,NOTHING
12:11:49,SP-FUTURE,2867.0,480,2867.0,3098,NOTHING
12:11:50,SP-FUTURE,2867.0,1271,2867.0,2307,NOTHING
12:11:52,SP-FUTURE,2867.0,1271,2867.0,2307,NOTHING
12:11:53,SP-FUTURE,2867.0,202,2867.0,3376,NOTHING
12:11:55,SP-FUTURE,2867.0,2564,2867.0,1014,NOTHING
12:11:55,SP-FUTURE,2867.0,2578,2867.0,1000,NOTHING
12:11:55,SP-FUTURE,2867.0,3045,2867.0,533,NOTHING
12:11:56,SP-FUTURE,2872.0,1228,2872.0,2350,NOTHING
12:11:58,SP-FUTURE,2872.0,1244,2872.0,2334,NOTHING
12:11:58,SP-FUTURE,2872.0,712,2872.0,2866,NOTHING
12:11:59,SP-FUTURE,2871.0,1282,2872.0,2296,NOTHING
12:12:00,SP-FUTURE,2872.0,1323,2872.0,2255,NOTHING
12:12:02,SP-FUTURE,2872.0,1315,2872.0,2263,NOTHING
12:12:02,SP-FUTURE,2872.0,2183,2873.0,1395,NOTHING
12:12:02,SP-FUTURE,2872.0,2533,2873.0,1045,NOTHING
12:12:03,SP-FUTURE,2872.0,2935,2873.0,643,NOTHING
12:12:05,SP-FUTURE,2872.0,3060,2873.0,518,NOTHING
12:12:05,SP-FUTURE,2872.0,1584,2873.0,1994,NOTHING
12:12:06,SP-FUTURE,2872.0,1928,2873.0,1650,NOTHING
12:12:08,SP-FUTURE,2872.0,2361,2873.0,1217,NOTHING
12:12:09,SP-FUTURE,2872.0,86,2872.0,3492,NOTHING
12:12:10,SP-FUTURE,2872.0,1424,2872.0,2154,NOTHING
12:12:11,SP-FUTURE,2872.0,3114,2873.0,464,NOTHING
12:12:12,SP-FUTURE,2872.0,2855,2873.0,723,NOTHING
12:12:13,SP-FUTURE,2872.0,729,2873.0,2849,NOTHING
12:12:14,SP-FUTURE,2872.0,651,2873.0,2927,NOTHING
12:12:15,SP-FUTURE,2872.0,1100,2873.0,2478,NOTHING
12:12:15,SP-FUTURE,2872.0,1661,2873.0,1917,NOTHING
12:12:15,SP-FUTURE,2872.0,1517,2873.0,2061,NOTHING
12:12:16,SP-FUTURE,2873.0,101,2873.0,3477,NOTHING
12:12:17,SP-FUTURE,2873.0,1366,2873.0,2212,NOTHING
12:12:18,SP-FUTURE,2873.0,3001,2873.0,577,NOTHING
12:12:20,SP-FUTURE,2873.0,2755,2873.0,823,NOTHING
12:12:21,SP-FUTURE,2872.0,3102,2873.0,476,NOTHING
12:12:22,SP-FUTURE,2872.0,402,2873.0,3176,NOTHING
12:12:24,SP-FUTURE,2872.0,790,2872.0,2788,NOTHING
12:12:24,SP-FUTURE,2872.0,1169,2872.0,2409,NOTHING
12:12:24,SP-FUTURE,2872.0,719,2872.0,2859,NOTHING
12:12:24,SP-FUTURE,2873.0,139,2873.0,3439,NOTHING
12:12:25,SP-FUTURE,2873.0,1144,2873.0,2434,NOTHING
12:12:27,SP-FUTURE,2873.0,2693,2874.0,885,NOTHING
12:12:28,SP-FUTURE,2874.0,453,2874.0,3125,NOTHING
12:12:29,SP-FUTURE,2874.0,445,2874.0,3133,NOTHING
12:12:31,SP-FUTURE,2874.0,1515,2874.0,2063,NOTHING
12:12:32,SP-FUTURE,2874.0,3284,2874.0,294,NOTHING
12:12:32,SP-FUTURE,2874.0,381,2874.0,3197,NOTHING
12:12:33,SP-FUTURE,2874.0,2214,2874.0,1364,NOTHING
12:12:35,SP-FUTURE,2874.0,2584,2874.0,994,NOTHING
12:12:37,SP-FUTURE,2874.0,2805,2874.0,773,NOTHING
12:12:38,SP-FUTURE,2875.0,1865,2875.0,1713,NOTHING
12:12:39,SP-FUTURE,2875.0,2582,2875.0,996,NOTHING
12:12:40,SP-FUTURE,2875.0,2254,2875.0,1324,NOTHING
12:12:41,SP-FUTURE,2875.0,2223,2875.0,1355,NOTHING
12:12:41,SP-FUTURE,2875.0,2318,2875.0,1260,NOTHING
12:12:42,SP-FUTURE,2874.0,741,2874.0,2837,NOTHING
12:12:42,SP-FUTURE,2873.0,1098,2874.0,2480,NOTHING
12:12:43,SP-FUTURE,2873.0,1044,2874.0,2534,NOTHING
12:12:44,SP-FUTURE,2873.0,2256,2874.0,1322,NOTHING
12:12:45,SP-FUTURE,2873.0,2282,2874.0,1296,NOTHING
12:12:46,SP-FUTURE,2873.0,2093,2874.0,1485,NOTHING
12:12:46,SP-FUTURE,2873.0,1474,2874.0,2104,NOTHING
12:12:47,SP-FUTURE,2873.0,1312,2873.0,2266,NOTHING
12:12:47,SP-FUTURE,2873.0,310,2873.0,3268,NOTHING
12:12:49,SP-FUTURE,2873.0,2279,2873.0,1299,NOTHING
12:12:49,SP-FUTURE,2873.0,2866,2873.0,712,NOTHING
12:12:50,SP-FUTURE,2873.0,2223,2873.0,1355,NOTHING
12:12:51,SP-FUTURE,2873.0,299,2873.0,3279,NOTHING
12:12:52,SP-FUTURE,2872.0,297,2873.0,3281,NOTHING
12:12:53,SP-FUTURE,2872.0,2905,2872.0,673,NOTHING
12:12:54,SP-FUTURE,2873.0,1591,2873.0,1987,NOTHING
12:12:55,SP-FUTURE,2873.0,1548,2873.0,2030,NOTHING
12:12:56,SP-FUTURE,2873.0,2779,2873.0,799,NOTHING
12:12:56,SP-FUTURE,2872.0,1870,2873.0,1708,NOTHING
12:12:58,SP-FUTURE,2873.0,887,2873.0,2691,NOTHING
12:12:59,SP-FUTURE,2874.0,2363,2874.0,1215,NOTHING
12:13:01,SP-FUTURE,2874.0,2572,2874.0,1006,NOTHING
12:13:03,SP-FUTURE,2874.0,2075,2874.0,1503,NOTHING
12:13:04,SP-FUTURE,2874.0,1659,2874.0,1919,NOTHING
12:13:05,SP-FUTURE,2874.0,92,2874.0,3486,NOTHING
12:13:05,SP-FUTURE,2874.0,1079,2874.0,2499,NOTHING
12:13:05,SP-FUTURE,2874.0,2217,2874.0,1361,NOTHING
12:13:06,SP-FUTURE,2874.0,2382,2874.0,1196,NOTHING
12:13:06,SP-FUTURE,2874.0,2592,2874.0,986,NOTHING
12:13:08,SP-FUTURE,2873.0,424,2873.0,3154,NOTHING
12:13:09,SP-FUTURE,2874.0,1756,2874.0,1822,NOTHING
12:13:11,SP-FUTURE,2874.0,620,2874.0,2958,NOTHING
12:13:11,SP-FUTURE,2874.0,1550,2874.0,2028,NOTHING
12:13:12,SP-FUTURE,2873.0,1884,2874.0,1694,NOTHING
12:13:14,SP-FUTURE,2873.0,978,2874.0,2600,NOTHING
12:13:15,SP-FUTURE,2874.0,2147,2874.0,1431,NOTHING
12:13:16,SP-FUTURE,2873.0,3511,2874.0,67,NOTHING
12:13:18,SP-FUTURE,2874.0,413,2874.0,3165,NOTHING
12:13:19,SP-FUTURE,2874.0,339,2874.0,3239,NOTHING
12:13:20,SP-FUTURE,2873.0,3381,2873.0,197,NOTHING
12:13:22,SP-FUTURE,2873.0,2184,2873.0,1394,NOTHING
12:13:24,SP-FUTURE,2873.0,1933,2873.0,1645,NOTHING
12:13:24,SP-FUTURE,2874.0,3134,2875.0,444,NOTHING
12:13:25,SP-FUTURE,2874.0,2912,2874.0,666,NOTHING
12:13:27,SP-FUTURE,2874.0,2853,2874.0,725,NOTHING
12:13:27,SP-FUTURE,2874.0,464,2874.0,3114,NOTHING
12:13:28,SP-FUTURE,2874.0,1645,2874.0,1933,NOTHING
12:13:28,SP-FUTURE,2874.0,2739,2874.0,839,NOTHING
12:13:29,SP-FUTURE,2874.0,629,2874.0,2949,NOTHING
12:13:30,SP-FUTURE,2874.0,586,2874.0,2992,NOTHING
12:13:31,SP-FUTURE,2874.0,417,2874.0,3161,NOTHING
12:13:32,SP-FUTURE,2874.0,1007,2874.0,2571,NOTHING
12:13:33,SP-FUTURE,2873.0,1403,2873.0,2175,NOTHING
12:13:35,SP-FUTURE,2873.0,1066,2873.0,2512,NOTHING
12:13:36,SP-FUTURE,2873.0,448,2873.0,3130,NOTHING
12:13:38,SP-FUTURE,2872.0,1753,2873.0,1825,NOTHING
12:13:38,SP-FUTURE,2872.0,2186,2873.0,1392,NOTHING
12:13:40,SP-FUTURE,2876.0,930,2877.0,2648,NOTHING
12:13:40,SP-FUTURE,2876.0,956,2877.0,2622,NOTHING
12:13:41,SP-FUTURE,2877.0,2753,2877.0,825,NOTHING
12:13:42,SP-FUTURE,2877.0,3417,2877.0,161,NOTHING
12:13:43,SP-FUTURE,2877.0,639,2877.0,2939,NOTHING
12:13:45,SP-FUTURE,2876.0,3160,2876.0,418,NOTHING
12:13:45,SP-FUTURE,2876.0,3282,2876.0,296,NOTHING
12:13:46,SP-FUTURE,2876.0,3389,2876.0,189,NOTHING
12:13:48,SP-FUTURE,2876.0,3394,2876.0,184,NOTHING
12:13:48,SP-FUTURE,2876.0,2266,2876.0,1312,NOTHING
12:13:49,SP-FUTURE,2876.0,2167,2876.0,1411,NOTHING
12:13:49,SP-FUTURE,2876.0,2318,2876.0,1260,NOTHING
12:13:50,SP-FUTURE,2877.0,460,2877.0,3118,NOTHING
12:13:51,SP-FUTURE,2876.0,3075,2876.0,503,NOTHING
12:13:52,SP-FUTURE,2875.0,119,2876.0,3459,NOTHING
12:13:54,SP-FUTURE,2875.0,2823,2875.0,755,NOTHING
12:13:55,SP-FUTURE,2875.0,621,2876.0,2957,NOTHING
12:13:56,SP-FUTURE,2875.0,990,2876.0,2588,NOTHING
12:13:56,SP-FUTURE,2875.0,932,2876.0,2646,NOTHING
12:13:57,SP-FUTURE,2875.0,939,2876.0,2639,NOTHING
12:13:59,SP-FUTURE,2875.0,1045,2875.0,2533,NOTHING
12:14:00,SP-FUTURE,2875.0,1763,2875.0,1815,NOTHING
12:14:01,SP-FUTURE,2875.0,3341,2876.0,237,NOTHING
12:14:02,SP-FUTURE,2875.0,3244,2875.0,334,NOTHING
12:14:03,SP-FUTURE,2874.0,3422,2875.0,156,NOTHING
12:14:03,SP-FUTURE,2874.0,1237,2875.0,2341,NOTHING
12:14:04,SP-FUTURE,2874.0,1935,2875.0,1643,NOTHING
12:14:05,SP-FUTURE,2874.0,2866,2874.0,712,NOTHING
12:14:06,SP-FUTURE,2874.0,106,2875.0,3472,NOTHING
12:14:07,SP-FUTURE,2875.0,1121,2875.0,2457,NOTHING
12:14:08,SP-FUTURE,2875.0,383,2875.0,3195,NOTHING
12:14:09,SP-FUTURE,2875.0,320,2875.0,3258,NOTHING
12:14:11,SP-FUTURE,2874.0,1741,2875.0,1837,NOTHING
12:14:12,SP-FUTURE,2874.0,653,2875.0,2925,NOTHING
12:14:13,SP-FUTURE,2873.0,2193,2873.0,1385,NOTHING
12:14:13,SP-FUTURE,2873.0,2219,2873.0,1359,NOTHING
12:14:13,SP-FUTURE,2873.0,1502,2874.0,2076,NOTHING
12:14:14,SP-FUTURE,2873.0,1457,2874.0,2121,NOTHING
12:14:16,SP-FUTURE,2873.0,1990,2874.0,1588,NOTHING
12:14:17,SP-FUTURE,2874.0,2254,2875.0,1324,NOTHING
12:14:19,SP-FUTURE,2874.0,984,2875.0,2594,NOTHING
12:14:20,SP-FUTURE,2874.0,1073,2875.0,2505,NOTHING
12:14:21,SP-FUTURE,2875.0,1952,2876.0,1626,NOTHING
12:14:22,SP-FUTURE,2875.0,2347,2875.0,1231,NOTHING
12:14:23,SP-FUTURE,2874.0,2047,2875.0,1531,NOTHING
12:14:24,SP-FUTURE,2873.0,1445,2874.0,2133,NOTHING
12:14:25,SP-FUTURE,2873.0,3537,2873.0,41,NOTHING
12:14:26,SP-FUTURE,2873.0,2338,2873.0,1240,NOTHING
12:14:26,SP-FUTURE,2875.0,3075,2875.0,503,NOTHING
12:14:27,SP-FUTURE,2876.0,546,2876.0,3032,NOTHING
12:14:28,SP-FUTURE,2876.0,1294,2876.0,2284,NOTHING
12:14:29,SP-FUTURE,2876.0,1439,2876.0,2139,NOTHING
12:14:30,SP-FUTURE,2876.0,1438,2876.0,2140,NOTHING
12:14:31,SP-FUTURE,2876.0,1056,2876.0,2522,NOTHING
12:14:33,SP-FUTURE,2876.0,1186,2876.0,2392,NOTHING
12:14:34,SP-FUTURE,2876.0,1002,2876.0,2576,NOTHING
12:14:35,SP-FUTURE,2876.0,1806,2876.0,1772,NOTHING
12:14:37,SP-FUTURE,2876.0,1268,2876.0,2310,NOTHING
12:14:38,SP-FUTURE,2876.0,3227,2876.0,351,NOTHING
12:14:40,SP-FUTURE,2876.0,3269,2876.0,309,NOTHING
12:14:42,SP-FUTURE,2876.0,593,2876.0,2985,NOTHING
12:14:43,SP-FUTURE,2876.0,1579,2876.0,1999,NOTHING
12:14:44,SP-FUTURE,2876.0,1369,2877.0,2209,NOTHING
12:14:46,SP-FUTURE,2876.0,1119,2876.0,2459,NOTHING
12:14:47,SP-FUTURE,2876.0,1128,2876.0,2450,NOTHING
12:14:48,SP-FUTURE,2876.0,1248,2876.0,2330,NOTHING
12:14:49,SP-FUTURE,2876.0,1229,2876.0,2349,NOTHING
12:14:50,SP-FUTURE,2876.0,1252,2876.0,2326,NOTHING
12:14:50,SP-FUTURE,2876.0,1276,2876.0,2302,NOTHING
12:14:51,SP-FUTURE,2876.0,1272,2876.0,2306,NOTHING
12:14:52,SP-FUTURE,2880.0,1705,2881.0,1873,NOTHING
12:14:53,SP-FUTURE,2881.0,2424,2881.0,1154,NOTHING
12:14:54,SP-FUTURE,2881.0,2124,2881.0,1454,NOTHING
12:14:55,SP-FUTURE,2880.0,1152,2880.0,2426,NOTHING
12:14:55,SP-FUTURE,2879.0,2262,2879.0,1316,NOTHING
12:14:56,SP-FUTURE,2879.0,1463,2879.0,2115,NOTHING
12:14:58,SP-FUTURE,2879.0,3560,2879.0,18,NOTHING
12:14:59,SP-FUTURE,2879.0,2377,2879.0,1201,NOTHING
12:15:00,SP-FUTURE,2879.0,2422,2879.0,1156,NOTHING
12:15:01,SP-FUTURE,2879.0,1299,2879.0,2279,NOTHING
12:15:03,SP-FUTURE,2879.0,3005,2879.0,573,NOTHING
12:15:04,SP-FUTURE,2879.0,2998,2879.0,580,NOTHING
12:15:05,SP-FUTURE,2879.0,1073,2879.0,2505,NOTHING
12:15:07,SP-FUTURE,2879.0,2475,2879.0,1103,NOTHING
12:15:08,SP-FUTURE,2879.0,1241,2879.0,2337,NOTHING
12:15:09,SP-FUTURE,2879.0,1857,2879.0,1721,NOTHING
12:15:10,SP-FUTURE,2879.0,3440,2879.0,138,NOTHING
12:15:11,SP-FUTURE,2880.0,881,2880.0,2697,NOTHING
12:15:13,SP-FUTURE,2880.0,1053,2880.0,2525,NOTHING
12:15:14,SP-FUTURE,2880.0,1054,2880.0,2524,NOTHING
12:15:16,SP-FUTURE,2880.0,1602,2880.0,1976,NOTHING
12:15:17,SP-FUTURE,2880.0,1950,2880.0,1628,NOTHING
12:15:17,SP-FUTURE,2879.0,1695,2879.0,1883,NOTHING
12:15:18,SP-FUTURE,2878.0,735,2879.0,2843,NOTHING
12:15:20,SP-FUTURE,2878.0,697,2879.0,2881,NOTHING
12:15:21,SP-FUTURE,2878.0,1896,2879.0,1682,NOTHING
12:15:22,SP-FUTURE,2878.0,3578,2879.0,2,NOTHING
12:15:22,SP-FUTURE,2879.0,1262,2879.0,2318,NOTHING
12:15:23,SP-FUTURE,2879.0,2128,2879.0,1452,NOTHING
12:15:24,SP-FUTURE,2879.0,830,2879.0,2750,NOTHING
12:15:26,SP-FUTURE,2879.0,771,2879.0,2809,NOTHING
12:15:27,SP-FUTURE,2879.0,1520,2879.0,2060,NOTHING
12:15:28,SP-FUTURE,2878.0,2590,2878.0,990,NOTHING
12:15:29,SP-FUTURE,2878.0,2682,2878.0,898,NOTHING
12:15:30,SP-FUTURE,2878.0,2655,2878.0,925,NOTHING
12:15:32,SP-FUTURE,2878.0,907,2879.0,2673,NOTHING
12:15:33,SP-FUTURE,2878.0,308,2879.0,3272,NOTHING
12:15:35,SP-FUTURE,2878.0,30,2879.0,3550,NOTHING
12:15:36,SP-FUTURE,2879.0,1100,2879.0,2480,NOTHING
12:15:38,SP-FUTURE,2879.0,3519,2880.0,61,NOTHING
12:15:39,SP-FUTURE,2880.0,431,2880.0,3149,NOTHING
12:15:40,SP-FUTURE,2880.0,3256,2880.0,324,NOTHING
12:15:41,SP-FUTURE,2880.0,2333,2880.0,1247,NOTHING
12:15:42,SP-FUTURE,2879.0,2340,2880.0,1240,NOTHING
12:15:42,SP-FUTURE,2879.0,2346,2880.0,1234,NOTHING
12:15:43,SP-FUTURE,2879.0,1712,2880.0,1868,NOTHING
12:15:44,SP-FUTURE,2879.0,535,2880.0,3045,NOTHING
12:15:44,SP-FUTURE,2879.0,1285,2879.0,2295,NOTHING
12:15:45,SP-FUTURE,2879.0,2506,2880.0,1074,NOTHING
12:15:47,SP-FUTURE,2880.0,2644,2880.0,936,NOTHING
12:15:48,SP-FUTURE,2880.0,2020,2880.0,1560,NOTHING
12:15:48,SP-FUTURE,2880.0,2600,2880.0,980,NOTHING
12:15:49,SP-FUTURE,2880.0,2987,2880.0,593,NOTHING
12:15:51,SP-FUTURE,2884.0,1217,2885.0,2363,NOTHING
12:15:51,SP-FUTURE,2884.0,1928,2885.0,1652,NOTHING
12:15:53,SP-FUTURE,2884.0,2693,2885.0,887,NOTHING
12:15:54,SP-FUTURE,2884.0,475,2885.0,3105,NOTHING
12:15:55,SP-FUTURE,2884.0,1399,2885.0,2181,NOTHING
12:15:56,SP-FUTURE,2884.0,789,2885.0,2791,NOTHING
12:15:57,SP-FUTURE,2884.0,433,2885.0,3147,NOTHING
12:15:58,SP-FUTURE,2884.0,517,2885.0,3063,NOTHING
12:15:59,SP-FUTURE,2884.0,2864,2885.0,716,NOTHING
12:16:00,SP-FUTURE,2885.0,895,2885.0,2685,NOTHING
12:16:00,SP-FUTURE,2885.0,169,2885.0,3411,NOTHING
12:16:00,SP-FUTURE,2885.0,3492,2885.0,88,NOTHING
12:16:02,SP-FUTURE,2886.0,2684,2886.0,896,NOTHING
12:16:02,SP-FUTURE,2886.0,2653,2886.0,927,NOTHING
12:16:03,SP-FUTURE,2886.0,2651,2886.0,929,NOTHING
12:16:04,SP-FUTURE,2886.0,1187,2886.0,2393,NOTHING
12:16:04,SP-FUTURE,2887.0,3163,2887.0,417,NOTHING
12:16:07,SP-FUTURE,2887.0,775,2887.0,2805,NOTHING
12:16:09,SP-FUTURE,2887.0,198,2887.0,3382,NOTHING
12:16:09,SP-FUTURE,2887.0,160,2887.0,3420,NOTHING
12:16:10,SP-FUTURE,2886.0,3527,2887.0,53,NOTHING
12:16:10,SP-FUTURE,2887.0,280,2887.0,3300,NOTHING
12:16:12,SP-FUTURE,2887.0,148,2887.0,3432,NOTHING
12:16:13,SP-FUTURE,2887.0,3543,2887.0,37,NOTHING
12:16:13,SP-FUTURE,2887.0,943,2887.0,2637,NOTHING
12:16:15,SP-FUTURE,2887.0,1161,2888.0,2419,NOTHING
12:16:16,SP-FUTURE,2887.0,3301,2888.0,279,NOTHING
12:16:17,SP-FUTURE,2888.0,4,2888.0,3576,NOTHING
12:16:18,SP-FUTURE,2887.0,3049,2888.0,531,NOTHING
12:16:19,SP-FUTURE,2888.0,536,2889.0,3044,NOTHING
12:16:20,SP-FUTURE,2889.0,3466,2889.0,114,NOTHING
12:16:21,SP-FUTURE,2889.0,3001,2889.0,579,NOTHING
12:16:22,SP-FUTURE,2889.0,3207,2889.0,373,NOTHING
12:16:24,SP-FUTURE,2888.0,1839,2888.0,1741,NOTHING
12:16:24,SP-FUTURE,2887.0,1252,2887.0,2328,NOTHING
12:16:24,SP-FUTURE,2887.0,1253,2887.0,2327,NOTHING
12:16:25,SP-FUTURE,2887.0,1254,2887.0,2326,NOTHING
12:16:27,SP-FUTURE,2887.0,1883,2887.0,1697,NOTHING
12:16:28,SP-FUTURE,2887.0,1884,2887.0,1696,NOTHING
12:16:29,SP-FUTURE,2887.0,1945,2887.0,1635,NOTHING
12:16:29,SP-FUTURE,2887.0,1822,2887.0,1758,NOTHING
12:16:30,SP-FUTURE,2887.0,658,2887.0,2922,NOTHING
12:16:32,SP-FUTURE,2888.0,293,2888.0,3287,NOTHING
12:16:33,SP-FUTURE,2888.0,142,2888.0,3438,NOTHING
12:16:34,SP-FUTURE,2888.0,527,2888.0,3053,NOTHING
12:16:35,SP-FUTURE,2888.0,350,2888.0,3230,NOTHING
12:16:36,SP-FUTURE,2888.0,3137,2888.0,443,NOTHING
12:16:37,SP-FUTURE,2888.0,1751,2888.0,1829,NOTHING
12:16:38,SP-FUTURE,2888.0,1113,2888.0,2467,NOTHING
12:16:39,SP-FUTURE,2890.0,147,2890.0,3433,NOTHING
12:16:41,SP-FUTURE,2890.0,3144,2890.0,436,NOTHING
12:16:41,SP-FUTURE,2890.0,3145,2890.0,435,NOTHING
12:16:42,SP-FUTURE,2890.0,2865,2890.0,715,NOTHING
12:16:42,SP-FUTURE,2890.0,2772,2890.0,808,NOTHING
12:16:43,SP-FUTURE,2890.0,3190,2890.0,390,NOTHING
12:16:44,SP-FUTURE,2887.0,1675,2887.0,1905,NOTHING
12:16:45,SP-FUTURE,2887.0,818,2887.0,2762,NOTHING
12:16:45,SP-FUTURE,2887.0,2791,2887.0,789,NOTHING
12:16:46,SP-FUTURE,2887.0,751,2887.0,2829,NOTHING
12:16:47,SP-FUTURE,2887.0,1478,2887.0,2102,NOTHING
12:16:49,SP-FUTURE,2887.0,2152,2887.0,1428,NOTHING
12:16:50,SP-FUTURE,2887.0,921,2887.0,2659,NOTHING
12:16:51,SP-FUTURE,2887.0,3558,2887.0,22,NOTHING
12:16:52,SP-FUTURE,2888.0,2670,2888.0,910,NOTHING
12:16:53,SP-FUTURE,2888.0,2270,2888.0,1310,NOTHING
12:16:54,SP-FUTURE,2888.0,2825,2888.0,755,NOTHING
12:16:55,SP-FUTURE,2888.0,2116,2888.0,1464,NOTHING
12:16:56,SP-FUTURE,2888.0,2255,2888.0,1325,NOTHING
12:16:58,SP-FUTURE,2888.0,1795,2888.0,1785,NOTHING
12:16:59,SP-FUTURE,2888.0,1705,2888.0,1875,NOTHING
12:17:01,SP-FUTURE,2888.0,2912,2889.0,668,NOTHING
12:17:03,SP-FUTURE,2888.0,2271,2889.0,1309,NOTHING
12:17:04,SP-FUTURE,2888.0,1076,2889.0,2504,NOTHING
12:17:05,SP-FUTURE,2888.0,1843,2888.0,1737,NOTHING
12:17:06,SP-FUTURE,2888.0,2666,2888.0,914,NOTHING
12:17:06,SP-FUTURE,2888.0,2874,2888.0,706,NOTHING
12:17:07,SP-FUTURE,2889.0,2535,2889.0,1045,NOTHING
12:17:08,SP-FUTURE,2889.0,2838,2889.0,742,NOTHING
12:17:08,SP-FUTURE,2888.0,3440,2888.0,140,NOTHING
12:17:09,SP-FUTURE,2888.0,3324,2888.0,256,NOTHING
12:17:10,SP-FUTURE,2888.0,557,2888.0,3023,NOTHING
12:17:12,SP-FUTURE,2887.0,2541,2888.0,1039,NOTHING
12:17:13,SP-FUTURE,2888.0,1059,2888.0,2521,NOTHING
12:17:14,SP-FUTURE,2887.0,1604,2888.0,1976,NOTHING
12:17:15,SP-FUTURE,2887.0,1279,2888.0,2301,NOTHING
12:17:16,SP-FUTURE,2887.0,1173,2888.0,2407,NOTHING
12:17:18,SP-FUTURE,2888.0,298,2888.0,3282,NOTHING
12:17:20,SP-FUTURE,2888.0,1912,2888.0,1668,NOTHING
12:17:21,SP-FUTURE,2889.0,1448,2889.0,2132,NOTHING
12:17:22,SP-FUTURE,2889.0,1321,2889.0,2259,NOTHING
12:17:24,SP-FUTURE,2890.0,53,2891.0,3527,NOTHING
12:17:24,SP-FUTURE,2890.0,3237,2890.0,343,NOTHING
12:17:25,SP-FUTURE,2890.0,3222,2890.0,358,NOTHING
12:17:27,SP-FUTURE,2890.0,2402,2890.0,1178,NOTHING
12:17:28,SP-FUTURE,2890.0,2690,2890.0,890,NOTHING
12:17:29,SP-FUTURE,2892.0,463,2892.0,3117,NOTHING
12:17:30,SP-FUTURE,2892.0,438,2892.0,3142,NOTHING
12:17:31,SP-FUTURE,2892.0,3167,2892.0,413,NOTHING
12:17:31,SP-FUTURE,2892.0,3452,2892.0,128,NOTHING
12:17:32,SP-FUTURE,2892.0,1106,2892.0,2474,NOTHING
12:17:34,SP-FUTURE,2892.0,1555,2892.0,2025,NOTHING
12:17:36,SP-FUTURE,2892.0,1195,2892.0,2385,NOTHING
12:17:37,SP-FUTURE,2892.0,1882,2892.0,1698,NOTHING
12:17:37,SP-FUTURE,2892.0,3020,2892.0,560,NOTHING
12:17:38,SP-FUTURE,2892.0,2192,2892.0,1388,NOTHING
12:17:39,SP-FUTURE,2892.0,341,2892.0,3239,NOTHING
12:17:39,SP-FUTURE,2891.0,2012,2892.0,1568,NOTHING
12:17:41,SP-FUTURE,2889.0,814,2890.0,2766,NOTHING
12:17:42,SP-FUTURE,2889.0,825,2890.0,2755,NOTHING
12:17:44,SP-FUTURE,2889.0,3004,2889.0,576,NOTHING
12:17:44,SP-FUTURE,2889.0,2382,2890.0,1198,NOTHING
12:17:46,SP-FUTURE,2890.0,430,2890.0,3150,NOTHING
12:17:48,SP-FUTURE,2890.0,1805,2890.0,1775,NOTHING
12:17:49,SP-FUTURE,2890.0,1821,2890.0,1759,NOTHING
12:17:50,SP-FUTURE,2890.0,188,2890.0,3392,NOTHING
12:17:51,SP-FUTURE,2890.0,3538,2891.0,42,NOTHING
12:17:53,SP-FUTURE,2891.0,153,2891.0,3427,NOTHING
12:17:54,SP-FUTURE,2890.0,2703,2890.0,877,NOTHING
12:17:55,SP-FUTURE,2890.0,3573,2891.0,7,NOTHING
12:17:56,SP-FUTURE,2891.0,51,2891.0,3529,NOTHING
