Timestamp,Instrument,Bid Price,Bid Volume,Ask Price,Ask Volume
23:11:29,ESX-FUTURE,3091.0,2922,3091.0,38
23:11:30,ESX-FUTURE,3092.0,277,3092.0,2683
23:11:30,SP-FUTURE,3094.0,1008,3094.0,1818
23:11:31,SP-FUTURE,3094.0,1730,3094.0,1096
23:11:32,ESX-FUTURE,3091.0,2443,3091.0,517
23:11:32,SP-FUTURE,3094.0,1401,3094.0,1425
23:11:33,SP-FUTURE,3094.0,1614,3094.0,1212
23:11:33,ESX-FUTURE,3091.0,2467,3091.0,493
23:11:33,SP-FUTURE,3094.0,2206,3094.0,620
23:11:34,ESX-FUTURE,3091.0,701,3092.0,2259
23:11:34,SP-FUTURE,3094.0,2742,3094.0,84
23:11:35,ESX-FUTURE,3091.0,737,3092.0,2223
23:11:35,SP-FUTURE,3094.0,1183,3095.0,1643
23:11:35,ESX-FUTURE,3091.0,288,3092.0,2672
23:11:36,ESX-FUTURE,3091.0,1517,3091.0,1443
23:11:36,ESX-FUTURE,3091.0,2544,3091.0,416
23:11:36,SP-FUTURE,3094.0,1210,3095.0,1616
23:11:38,ESX-FUTURE,3091.0,1105,3091.0,1855
23:11:38,SP-FUTURE,3096.0,380,3096.0,2446
23:11:39,SP-FUTURE,3096.0,2342,3096.0,484
23:11:39,SP-FUTURE,3096.0,1988,3096.0,838
23:11:39,ESX-FUTURE,3090.0,1925,3090.0,1035
23:11:40,ESX-FUTURE,3089.0,959,3089.0,2001
23:11:40,SP-FUTURE,3095.0,141,3096.0,2685
23:11:41,ESX-FUTURE,3089.0,869,3089.0,2091
23:11:41,SP-FUTURE,3095.0,985,3096.0,1841
23:11:42,ESX-FUTURE,3089.0,1138,3089.0,1822
23:11:42,SP-FUTURE,3095.0,971,3096.0,1855
23:11:42,SP-FUTURE,3094.0,707,3095.0,2119
23:11:43,ESX-FUTURE,3089.0,806,3089.0,2154
23:11:43,ESX-FUTURE,3089.0,654,3089.0,2306
23:11:44,SP-FUTURE,3094.0,2085,3094.0,741
23:11:45,ESX-FUTURE,3089.0,1797,3089.0,1163
23:11:45,SP-FUTURE,3094.0,2311,3095.0,515
23:11:45,ESX-FUTURE,3089.0,217,3089.0,2743
23:11:46,ESX-FUTURE,3089.0,2945,3089.0,15
23:11:46,SP-FUTURE,3094.0,2318,3095.0,508
23:11:46,ESX-FUTURE,3089.0,2880,3089.0,80
23:11:48,ESX-FUTURE,3089.0,2871,3089.0,89
23:11:48,SP-FUTURE,3094.0,2188,3095.0,638
23:11:49,ESX-FUTURE,3089.0,153,3089.0,2807
23:11:49,SP-FUTURE,3094.0,2175,3095.0,651
23:11:49,SP-FUTURE,3095.0,2264,3095.0,562
23:11:49,ESX-FUTURE,3089.0,246,3089.0,2714
23:11:49,SP-FUTURE,3095.0,1392,3095.0,1434
23:11:50,SP-FUTURE,3095.0,1308,3095.0,1518
23:11:50,ESX-FUTURE,3089.0,482,3089.0,2478
23:11:52,SP-FUTURE,3095.0,2739,3095.0,87
23:11:52,ESX-FUTURE,3089.0,119,3089.0,2841
23:11:53,SP-FUTURE,3095.0,2723,3095.0,103
23:11:53,ESX-FUTURE,3089.0,195,3089.0,2765
23:11:53,SP-FUTURE,3095.0,2255,3095.0,571
23:11:53,SP-FUTURE,3095.0,2540,3095.0,286
23:11:54,SP-FUTURE,3095.0,1758,3095.0,1068
23:11:54,ESX-FUTURE,3088.0,767,3089.0,2193
23:11:54,ESX-FUTURE,3088.0,2861,3088.0,99
23:11:54,SP-FUTURE,3095.0,1845,3095.0,981
23:11:54,ESX-FUTURE,3088.0,1947,3088.0,1013
23:11:54,SP-FUTURE,3095.0,2159,3095.0,667
23:11:55,ESX-FUTURE,3088.0,721,3089.0,2239
23:11:55,ESX-FUTURE,3088.0,2820,3088.0,140
23:11:55,SP-FUTURE,3095.0,2004,3095.0,822
23:11:56,SP-FUTURE,3095.0,2062,3095.0,764
23:11:57,ESX-FUTURE,3087.0,1972,3087.0,988
23:11:57,ESX-FUTURE,3087.0,559,3087.0,2401
23:11:58,ESX-FUTURE,3087.0,1396,3087.0,1564
23:11:58,SP-FUTURE,3095.0,2733,3095.0,93
23:11:59,ESX-FUTURE,3087.0,341,3087.0,2619
23:11:59,ESX-FUTURE,3087.0,384,3087.0,2576
23:11:59,ESX-FUTURE,3087.0,308,3087.0,2652
23:12:00,ESX-FUTURE,3086.0,1594,3087.0,1366
23:12:00,SP-FUTURE,3094.0,2445,3095.0,381
23:12:01,ESX-FUTURE,3087.0,1313,3087.0,1647
23:12:01,SP-FUTURE,3094.0,1500,3095.0,1326
23:12:02,SP-FUTURE,3095.0,2322,3095.0,504
23:12:03,SP-FUTURE,3095.0,2067,3095.0,759
23:12:03,ESX-FUTURE,3087.0,2088,3087.0,872
23:12:03,SP-FUTURE,3095.0,2426,3095.0,400
23:12:03,ESX-FUTURE,3087.0,42,3087.0,2918
23:12:05,ESX-FUTURE,3087.0,105,3087.0,2855
23:12:06,SP-FUTURE,3095.0,2368,3095.0,458
23:12:06,SP-FUTURE,3095.0,2602,3095.0,224
23:12:07,SP-FUTURE,3095.0,2488,3095.0,338
23:12:07,ESX-FUTURE,3087.0,46,3087.0,2914
23:12:08,SP-FUTURE,3095.0,2409,3095.0,417
23:12:08,ESX-FUTURE,3087.0,1382,3087.0,1578
23:12:09,SP-FUTURE,3096.0,1603,3096.0,1223
23:12:09,ESX-FUTURE,3087.0,1116,3087.0,1844
23:12:10,ESX-FUTURE,3087.0,380,3087.0,2580
23:12:10,SP-FUTURE,3096.0,1506,3096.0,1320
23:12:11,SP-FUTURE,3096.0,1331,3096.0,1495
23:12:11,ESX-FUTURE,3086.0,2934,3086.0,26
23:12:11,ESX-FUTURE,3085.0,2478,3086.0,482
23:12:12,SP-FUTURE,3096.0,1893,3096.0,933
23:12:12,ESX-FUTURE,3085.0,2918,3086.0,42
23:12:12,ESX-FUTURE,3086.0,2575,3086.0,385
23:12:13,ESX-FUTURE,3086.0,1372,3086.0,1588
23:12:13,SP-FUTURE,3096.0,570,3096.0,2256
23:12:14,ESX-FUTURE,3086.0,2585,3086.0,375
23:12:14,SP-FUTURE,3096.0,803,3096.0,2023
23:12:14,ESX-FUTURE,3086.0,1007,3086.0,1953
23:12:15,SP-FUTURE,3096.0,1942,3096.0,884
23:12:16,ESX-FUTURE,3086.0,584,3087.0,2376
23:12:16,SP-FUTURE,3095.0,520,3096.0,2306
23:12:17,ESX-FUTURE,3086.0,179,3087.0,2781
23:12:17,ESX-FUTURE,3086.0,2185,3086.0,775
23:12:18,ESX-FUTURE,3086.0,1599,3086.0,1361
23:12:18,SP-FUTURE,3095.0,702,3096.0,2124
23:12:18,ESX-FUTURE,3086.0,877,3086.0,2083
23:12:19,SP-FUTURE,3095.0,1572,3096.0,1254
23:12:20,ESX-FUTURE,3086.0,2915,3086.0,45
23:12:20,SP-FUTURE,3095.0,222,3096.0,2604
23:12:20,ESX-FUTURE,3086.0,788,3086.0,2172
23:12:21,ESX-FUTURE,3086.0,1243,3086.0,1717
23:12:21,ESX-FUTURE,3086.0,156,3086.0,2804
23:12:22,SP-FUTURE,3096.0,1717,3097.0,1109
23:12:23,ESX-FUTURE,3086.0,352,3086.0,2608
23:12:23,SP-FUTURE,3097.0,1967,3097.0,859
23:12:23,ESX-FUTURE,3086.0,1060,3086.0,1900
23:12:24,SP-FUTURE,3097.0,2295,3097.0,531
23:12:24,ESX-FUTURE,3086.0,120,3086.0,2840
23:12:25,SP-FUTURE,3097.0,2148,3097.0,678
23:12:25,ESX-FUTURE,3086.0,106,3086.0,2854
23:12:25,SP-FUTURE,3097.0,2128,3097.0,698
23:12:26,ESX-FUTURE,3086.0,2511,3086.0,449
23:12:26,SP-FUTURE,3097.0,825,3097.0,2001
23:12:26,ESX-FUTURE,3086.0,653,3086.0,2307
23:12:27,SP-FUTURE,3097.0,243,3097.0,2583
23:12:28,ESX-FUTURE,3087.0,1285,3087.0,1675
23:12:28,ESX-FUTURE,3087.0,617,3087.0,2343
23:12:29,SP-FUTURE,3097.0,644,3097.0,2182
23:12:29,SP-FUTURE,3097.0,1183,3097.0,1643
23:12:30,ESX-FUTURE,3087.0,2794,3087.0,166
23:12:30,SP-FUTURE,3097.0,1574,3097.0,1252
23:12:31,SP-FUTURE,3097.0,1648,3097.0,1178
23:12:31,SP-FUTURE,3097.0,1638,3097.0,1188
23:12:32,SP-FUTURE,3097.0,1681,3097.0,1145
23:12:32,SP-FUTURE,3096.0,2387,3096.0,439
23:12:32,ESX-FUTURE,3087.0,2518,3087.0,442
23:12:33,SP-FUTURE,3096.0,2255,3096.0,571
23:12:33,SP-FUTURE,3096.0,2,3096.0,2824
23:12:34,ESX-FUTURE,3087.0,2585,3087.0,375
23:12:34,SP-FUTURE,3096.0,1056,3096.0,1770
23:12:35,ESX-FUTURE,3088.0,2333,3089.0,627
23:12:35,ESX-FUTURE,3088.0,1702,3089.0,1258
23:12:35,SP-FUTURE,3096.0,1455,3096.0,1371
23:12:35,SP-FUTURE,3095.0,717,3095.0,2109
23:12:35,ESX-FUTURE,3088.0,2875,3088.0,85
23:12:36,SP-FUTURE,3095.0,504,3095.0,2322
23:12:37,ESX-FUTURE,3088.0,556,3088.0,2404
23:12:37,SP-FUTURE,3095.0,728,3095.0,2098
23:12:38,ESX-FUTURE,3088.0,720,3088.0,2240
23:12:38,ESX-FUTURE,3089.0,412,3089.0,2548
23:12:39,SP-FUTURE,3095.0,1808,3095.0,1018
23:12:39,ESX-FUTURE,3089.0,2629,3089.0,331
23:12:40,SP-FUTURE,3095.0,704,3095.0,2122
23:12:40,ESX-FUTURE,3088.0,2379,3089.0,581
23:12:41,ESX-FUTURE,3090.0,683,3090.0,2277
23:12:41,SP-FUTURE,3095.0,163,3095.0,2663
23:12:41,ESX-FUTURE,3090.0,888,3090.0,2072
23:12:42,SP-FUTURE,3098.0,326,3098.0,2500
23:12:42,SP-FUTURE,3097.0,2228,3098.0,598
23:12:43,SP-FUTURE,3097.0,2642,3098.0,184
23:12:43,ESX-FUTURE,3090.0,977,3090.0,1983
23:12:44,SP-FUTURE,3098.0,856,3098.0,1970
23:12:44,ESX-FUTURE,3089.0,1581,3089.0,1379
23:12:45,ESX-FUTURE,3089.0,1402,3089.0,1558
23:12:45,SP-FUTURE,3098.0,962,3098.0,1864
23:12:46,SP-FUTURE,3097.0,2652,3098.0,174
23:12:47,ESX-FUTURE,3089.0,550,3089.0,2410
23:12:47,SP-FUTURE,3101.0,1547,3101.0,1279
23:12:49,ESX-FUTURE,3089.0,2216,3089.0,744
23:12:49,SP-FUTURE,3101.0,35,3101.0,2791
23:12:50,ESX-FUTURE,3089.0,2151,3089.0,809
23:12:50,SP-FUTURE,3101.0,727,3101.0,2099
23:12:51,ESX-FUTURE,3089.0,1704,3089.0,1256
23:12:51,SP-FUTURE,3101.0,939,3101.0,1887
23:12:51,SP-FUTURE,3101.0,843,3101.0,1983
23:12:53,SP-FUTURE,3102.0,258,3102.0,2568
23:12:53,ESX-FUTURE,3089.0,2528,3089.0,432
23:12:53,SP-FUTURE,3102.0,757,3102.0,2069
23:12:53,ESX-FUTURE,3089.0,2270,3089.0,690
23:12:54,ESX-FUTURE,3089.0,2600,3090.0,360
23:12:54,ESX-FUTURE,3090.0,2931,3090.0,29
23:12:55,SP-FUTURE,3102.0,793,3102.0,2033
23:12:56,ESX-FUTURE,3090.0,1976,3090.0,984
23:12:56,SP-FUTURE,3102.0,177,3102.0,2649
23:12:57,SP-FUTURE,3102.0,790,3102.0,2036
23:12:57,ESX-FUTURE,3090.0,1849,3090.0,1111
23:12:58,SP-FUTURE,3101.0,773,3101.0,2053
23:12:58,ESX-FUTURE,3090.0,2002,3090.0,958
23:12:59,SP-FUTURE,3100.0,2333,3100.0,493
23:12:59,SP-FUTURE,3100.0,2529,3100.0,297
23:13:00,ESX-FUTURE,3090.0,1887,3090.0,1073
23:13:00,SP-FUTURE,3100.0,1265,3100.0,1561
23:13:01,ESX-FUTURE,3089.0,502,3090.0,2458
23:13:01,SP-FUTURE,3100.0,1243,3100.0,1583
23:13:02,SP-FUTURE,3100.0,2596,3100.0,230
23:13:02,ESX-FUTURE,3089.0,722,3090.0,2238
23:13:03,SP-FUTURE,3099.0,2406,3100.0,420
23:13:03,ESX-FUTURE,3089.0,2848,3089.0,112
23:13:04,SP-FUTURE,3099.0,2376,3100.0,450
23:13:05,ESX-FUTURE,3089.0,223,3090.0,2737
23:13:06,SP-FUTURE,3099.0,2652,3100.0,174
23:13:07,SP-FUTURE,3099.0,1654,3100.0,1172
23:13:07,ESX-FUTURE,3090.0,838,3090.0,2122
23:13:08,SP-FUTURE,3100.0,929,3100.0,1897
23:13:08,ESX-FUTURE,3090.0,1242,3090.0,1718
23:13:09,ESX-FUTURE,3090.0,807,3090.0,2153
23:13:10,SP-FUTURE,3100.0,1945,3100.0,881
23:13:10,ESX-FUTURE,3090.0,1192,3090.0,1768
23:13:10,ESX-FUTURE,3090.0,879,3090.0,2081
23:13:10,SP-FUTURE,3099.0,2173,3100.0,653
23:13:11,SP-FUTURE,3099.0,2255,3099.0,571
23:13:11,ESX-FUTURE,3089.0,863,3089.0,2097
23:13:11,SP-FUTURE,3098.0,270,3099.0,2556
23:13:12,SP-FUTURE,3098.0,2196,3098.0,630
23:13:12,ESX-FUTURE,3089.0,869,3089.0,2091
23:13:13,SP-FUTURE,3100.0,284,3100.0,2542
23:13:14,ESX-FUTURE,3089.0,2643,3089.0,317
23:13:15,SP-FUTURE,3100.0,44,3100.0,2782
23:13:15,SP-FUTURE,3100.0,599,3100.0,2227
23:13:16,ESX-FUTURE,3089.0,774,3089.0,2186
23:13:16,SP-FUTURE,3102.0,807,3102.0,2019
23:13:17,ESX-FUTURE,3089.0,761,3089.0,2199
23:13:17,ESX-FUTURE,3088.0,2066,3089.0,894
23:13:18,ESX-FUTURE,3088.0,1223,3089.0,1737
23:13:18,SP-FUTURE,3101.0,1645,3101.0,1181
23:13:19,ESX-FUTURE,3088.0,2910,3088.0,50
23:13:19,ESX-FUTURE,3088.0,1219,3088.0,1741
23:13:19,SP-FUTURE,3103.0,933,3103.0,1893
23:13:20,ESX-FUTURE,3088.0,2769,3088.0,191
23:13:20,SP-FUTURE,3103.0,941,3103.0,1885
23:13:21,SP-FUTURE,3103.0,2367,3103.0,459
23:13:22,ESX-FUTURE,3088.0,2219,3088.0,741
23:13:23,ESX-FUTURE,3088.0,569,3088.0,2391
23:13:23,SP-FUTURE,3103.0,1651,3103.0,1175
23:13:24,SP-FUTURE,3104.0,278,3104.0,2548
23:13:24,ESX-FUTURE,3088.0,1083,3088.0,1877
23:13:25,ESX-FUTURE,3088.0,1820,3088.0,1140
23:13:26,SP-FUTURE,3104.0,299,3104.0,2527
23:13:26,ESX-FUTURE,3088.0,1828,3088.0,1132
23:13:27,ESX-FUTURE,3088.0,1222,3089.0,1738
23:13:27,SP-FUTURE,3104.0,2206,3105.0,620
23:13:28,ESX-FUTURE,3085.0,2503,3086.0,457
23:13:28,SP-FUTURE,3104.0,2645,3105.0,181
23:13:28,SP-FUTURE,3104.0,2786,3105.0,40
23:13:29,ESX-FUTURE,3085.0,999,3086.0,1961
23:13:29,SP-FUTURE,3104.0,2567,3105.0,259
23:13:29,SP-FUTURE,3105.0,495,3105.0,2331
23:13:29,ESX-FUTURE,3085.0,794,3086.0,2166
23:13:30,SP-FUTURE,3104.0,1269,3105.0,1557
23:13:31,ESX-FUTURE,3085.0,414,3086.0,2546
23:13:32,SP-FUTURE,3105.0,61,3105.0,2765
23:13:32,ESX-FUTURE,3085.0,305,3086.0,2655
23:13:33,ESX-FUTURE,3085.0,339,3086.0,2621
23:13:34,SP-FUTURE,3104.0,2418,3105.0,408
23:13:34,ESX-FUTURE,3085.0,1202,3086.0,1758
23:13:35,SP-FUTURE,3105.0,108,3105.0,2718
23:13:35,SP-FUTURE,3104.0,1317,3105.0,1509
23:13:35,ESX-FUTURE,3085.0,1169,3086.0,1791
23:13:36,SP-FUTURE,3105.0,1940,3105.0,886
23:13:36,ESX-FUTURE,3085.0,2645,3086.0,315
23:13:37,ESX-FUTURE,3086.0,979,3086.0,1981
23:13:37,SP-FUTURE,3105.0,133,3105.0,2693
23:13:38,ESX-FUTURE,3086.0,806,3086.0,2154
23:13:38,SP-FUTURE,3105.0,735,3105.0,2091
23:13:38,ESX-FUTURE,3085.0,2037,3086.0,923
23:13:39,SP-FUTURE,3105.0,2243,3105.0,583
23:13:40,SP-FUTURE,3104.0,1159,3104.0,1667
23:13:42,SP-FUTURE,3104.0,283,3105.0,2543
23:13:42,ESX-FUTURE,3085.0,1825,3086.0,1135
23:13:42,SP-FUTURE,3104.0,526,3105.0,2300
23:13:43,ESX-FUTURE,3086.0,199,3087.0,2761
23:13:43,SP-FUTURE,3104.0,610,3105.0,2216
23:13:43,SP-FUTURE,3104.0,554,3105.0,2272
23:13:44,ESX-FUTURE,3086.0,11,3087.0,2949
23:13:44,ESX-FUTURE,3086.0,1563,3086.0,1397
23:13:45,SP-FUTURE,3105.0,2299,3105.0,527
23:13:46,ESX-FUTURE,3086.0,561,3087.0,2399
23:13:46,SP-FUTURE,3105.0,2513,3105.0,313
23:13:47,SP-FUTURE,3105.0,634,3105.0,2192
23:13:47,SP-FUTURE,3105.0,533,3105.0,2293
23:13:48,ESX-FUTURE,3086.0,831,3087.0,2129
23:13:48,ESX-FUTURE,3086.0,2294,3087.0,666
23:13:48,SP-FUTURE,3105.0,8,3106.0,2818
23:13:48,ESX-FUTURE,3086.0,2288,3087.0,672
23:13:50,ESX-FUTURE,3086.0,2299,3087.0,661
23:13:50,SP-FUTURE,3105.0,2276,3105.0,550
23:13:51,SP-FUTURE,3105.0,242,3106.0,2584
23:13:51,ESX-FUTURE,3086.0,2905,3087.0,55
23:13:52,SP-FUTURE,3105.0,1629,3105.0,1197
23:13:52,ESX-FUTURE,3087.0,490,3087.0,2470
23:13:53,ESX-FUTURE,3086.0,2322,3087.0,638
23:13:53,SP-FUTURE,3104.0,1984,3104.0,842
23:13:54,ESX-FUTURE,3086.0,2783,3087.0,177
23:13:54,SP-FUTURE,3104.0,1974,3104.0,852
23:13:55,ESX-FUTURE,3086.0,2350,3087.0,610
23:13:55,SP-FUTURE,3104.0,2200,3104.0,626
23:13:56,SP-FUTURE,3104.0,2303,3104.0,523
23:13:56,ESX-FUTURE,3086.0,2454,3087.0,506
23:13:57,SP-FUTURE,3104.0,1432,3104.0,1394
23:13:57,ESX-FUTURE,3086.0,963,3087.0,1997
23:13:57,ESX-FUTURE,3087.0,2464,3087.0,496
23:13:57,SP-FUTURE,3104.0,1026,3104.0,1800
23:13:58,SP-FUTURE,3104.0,1957,3104.0,869
23:13:58,SP-FUTURE,3100.0,1865,3101.0,961
23:13:59,ESX-FUTURE,3087.0,916,3088.0,2044
23:14:00,SP-FUTURE,3100.0,2699,3100.0,127
23:14:00,ESX-FUTURE,3087.0,1037,3088.0,1923
23:14:00,SP-FUTURE,3101.0,198,3101.0,2628
23:14:01,SP-FUTURE,3100.0,2731,3101.0,95
23:14:01,SP-FUTURE,3100.0,2750,3101.0,76
23:14:02,ESX-FUTURE,3087.0,1143,3088.0,1817
23:14:03,SP-FUTURE,3100.0,2783,3101.0,43
23:14:03,ESX-FUTURE,3087.0,610,3088.0,2350
23:14:04,ESX-FUTURE,3087.0,2277,3087.0,683
23:14:05,SP-FUTURE,3101.0,82,3101.0,2744
23:14:06,ESX-FUTURE,3087.0,799,3088.0,2161
23:14:06,SP-FUTURE,3100.0,1758,3100.0,1068
23:14:06,ESX-FUTURE,3087.0,739,3088.0,2221
23:14:07,ESX-FUTURE,3087.0,2567,3087.0,393
23:14:08,SP-FUTURE,3100.0,2603,3100.0,223
23:14:08,ESX-FUTURE,3087.0,2626,3087.0,334
23:14:09,SP-FUTURE,3100.0,275,3100.0,2551
23:14:10,ESX-FUTURE,3087.0,1835,3087.0,1125
23:14:10,SP-FUTURE,3100.0,1785,3100.0,1041
23:14:11,SP-FUTURE,3100.0,2438,3100.0,388
23:14:11,ESX-FUTURE,3084.0,570,3084.0,2390
23:14:11,SP-FUTURE,3100.0,2543,3100.0,283
23:14:12,ESX-FUTURE,3084.0,913,3084.0,2047
23:14:12,ESX-FUTURE,3084.0,1034,3084.0,1926
23:14:12,SP-FUTURE,3101.0,641,3101.0,2185
23:14:13,SP-FUTURE,3100.0,2468,3101.0,358
23:14:13,ESX-FUTURE,3084.0,728,3084.0,2232
23:14:13,SP-FUTURE,3103.0,234,3103.0,2592
23:14:14,ESX-FUTURE,3084.0,803,3084.0,2157
23:14:14,SP-FUTURE,3103.0,453,3103.0,2373
23:14:15,SP-FUTURE,3103.0,50,3103.0,2776
23:14:15,ESX-FUTURE,3084.0,801,3084.0,2159
23:14:16,ESX-FUTURE,3084.0,712,3084.0,2248
23:14:17,SP-FUTURE,3103.0,2327,3103.0,499
23:14:17,SP-FUTURE,3103.0,734,3103.0,2092
23:14:18,ESX-FUTURE,3084.0,885,3084.0,2075
23:14:19,SP-FUTURE,3104.0,2238,3104.0,588
23:14:19,ESX-FUTURE,3084.0,2622,3084.0,338
23:14:19,SP-FUTURE,3104.0,72,3104.0,2754
23:14:21,SP-FUTURE,3103.0,1154,3104.0,1672
23:14:21,ESX-FUTURE,3084.0,151,3085.0,2809
23:14:22,SP-FUTURE,3103.0,2289,3104.0,537
23:14:22,ESX-FUTURE,3084.0,1413,3084.0,1547
23:14:22,SP-FUTURE,3103.0,2717,3103.0,109
23:14:23,ESX-FUTURE,3084.0,1486,3084.0,1474
23:14:23,ESX-FUTURE,3084.0,1601,3084.0,1359
23:14:24,SP-FUTURE,3103.0,2731,3103.0,95
23:14:24,ESX-FUTURE,3084.0,1377,3084.0,1583
23:14:25,SP-FUTURE,3103.0,903,3103.0,1923
23:14:26,ESX-FUTURE,3084.0,1213,3084.0,1747
23:14:26,SP-FUTURE,3102.0,2189,3103.0,637
23:14:27,ESX-FUTURE,3084.0,896,3084.0,2064
23:14:27,SP-FUTURE,3102.0,2819,3102.0,7
23:14:28,SP-FUTURE,3102.0,30,3103.0,2796
23:14:28,ESX-FUTURE,3084.0,933,3084.0,2027
23:14:29,SP-FUTURE,3103.0,1099,3103.0,1727
23:14:29,ESX-FUTURE,3084.0,871,3084.0,2089
23:14:30,SP-FUTURE,3103.0,1378,3103.0,1448
23:14:30,ESX-FUTURE,3084.0,1036,3084.0,1924
23:14:30,SP-FUTURE,3103.0,1147,3103.0,1679
23:14:31,ESX-FUTURE,3083.0,1296,3084.0,1664
23:14:32,SP-FUTURE,3103.0,2134,3103.0,692
23:14:32,ESX-FUTURE,3083.0,439,3083.0,2521
23:14:32,SP-FUTURE,3104.0,668,3104.0,2158
23:14:33,SP-FUTURE,3104.0,377,3104.0,2449
23:14:33,ESX-FUTURE,3083.0,439,3083.0,2521
23:14:34,ESX-FUTURE,3083.0,1821,3083.0,1139
23:14:34,SP-FUTURE,3104.0,1638,3104.0,1188
23:14:35,ESX-FUTURE,3083.0,2545,3083.0,415
23:14:35,SP-FUTURE,3104.0,2067,3104.0,759
23:14:36,ESX-FUTURE,3083.0,2193,3083.0,767
23:14:36,SP-FUTURE,3103.0,2485,3104.0,341
23:14:36,SP-FUTURE,3104.0,83,3104.0,2743
23:14:36,ESX-FUTURE,3083.0,1383,3083.0,1577
23:14:36,SP-FUTURE,3102.0,1538,3103.0,1288
23:14:37,ESX-FUTURE,3083.0,1360,3083.0,1600
23:14:38,SP-FUTURE,3102.0,508,3102.0,2318
23:14:38,SP-FUTURE,3101.0,1916,3101.0,910
23:14:39,ESX-FUTURE,3083.0,379,3083.0,2581
23:14:40,SP-FUTURE,3101.0,1914,3101.0,912
23:14:40,SP-FUTURE,3101.0,1563,3101.0,1263
23:14:40,ESX-FUTURE,3083.0,485,3083.0,2475
23:14:41,ESX-FUTURE,3083.0,1192,3084.0,1768
23:14:41,SP-FUTURE,3101.0,950,3101.0,1876
23:14:41,SP-FUTURE,3100.0,1490,3101.0,1336
23:14:43,ESX-FUTURE,3084.0,149,3084.0,2811
23:14:43,ESX-FUTURE,3083.0,811,3084.0,2149
23:14:44,SP-FUTURE,3101.0,519,3101.0,2307
23:14:44,ESX-FUTURE,3084.0,1814,3084.0,1146
23:14:45,ESX-FUTURE,3084.0,649,3084.0,2311
23:14:45,SP-FUTURE,3100.0,2119,3101.0,707
23:14:46,ESX-FUTURE,3084.0,439,3084.0,2521
23:14:46,ESX-FUTURE,3083.0,2881,3084.0,79
23:14:47,ESX-FUTURE,3081.0,242,3081.0,2718
23:14:47,SP-FUTURE,3100.0,1078,3101.0,1748
23:14:47,ESX-FUTURE,3081.0,2348,3081.0,612
23:14:48,SP-FUTURE,3100.0,20,3100.0,2806
23:14:49,ESX-FUTURE,3081.0,212,3081.0,2748
23:14:49,SP-FUTURE,3100.0,2686,3100.0,140
23:14:49,ESX-FUTURE,3081.0,221,3081.0,2739
23:14:50,ESX-FUTURE,3081.0,1546,3081.0,1414
23:14:50,ESX-FUTURE,3080.0,2304,3081.0,656
23:14:50,SP-FUTURE,3099.0,330,3099.0,2496
23:14:51,ESX-FUTURE,3081.0,270,3081.0,2690
23:14:52,SP-FUTURE,3099.0,334,3099.0,2492
23:14:52,ESX-FUTURE,3080.0,1703,3081.0,1257
23:14:53,ESX-FUTURE,3080.0,2445,3081.0,515
23:14:53,SP-FUTURE,3099.0,873,3099.0,1953
23:14:55,SP-FUTURE,3099.0,1504,3099.0,1322
23:14:55,ESX-FUTURE,3080.0,1940,3081.0,1020
23:14:56,ESX-FUTURE,3081.0,1277,3081.0,1683
23:14:56,SP-FUTURE,3099.0,1501,3099.0,1325
23:14:56,SP-FUTURE,3099.0,1508,3099.0,1318
23:14:56,ESX-FUTURE,3081.0,739,3081.0,2221
23:14:57,SP-FUTURE,3099.0,350,3099.0,2476
23:14:57,ESX-FUTURE,3081.0,729,3081.0,2231
23:14:58,ESX-FUTURE,3080.0,1531,3081.0,1429
23:14:58,SP-FUTURE,3099.0,1446,3099.0,1380
23:14:59,ESX-FUTURE,3080.0,2627,3080.0,333
23:14:59,SP-FUTURE,3099.0,1777,3099.0,1049
23:15:00,ESX-FUTURE,3079.0,343,3080.0,2617
23:15:00,SP-FUTURE,3101.0,319,3101.0,2507
23:15:01,ESX-FUTURE,3080.0,1024,3080.0,1936
23:15:01,SP-FUTURE,3102.0,1818,3102.0,1008
23:15:02,ESX-FUTURE,3079.0,750,3080.0,2210
23:15:03,SP-FUTURE,3102.0,34,3102.0,2792
23:15:03,ESX-FUTURE,3079.0,933,3080.0,2027
23:15:04,SP-FUTURE,3102.0,507,3102.0,2319
23:15:04,ESX-FUTURE,3079.0,930,3080.0,2030
23:15:05,SP-FUTURE,3102.0,1238,3102.0,1588
23:15:05,SP-FUTURE,3102.0,1113,3103.0,1713
23:15:05,ESX-FUTURE,3081.0,1372,3081.0,1588
23:15:06,SP-FUTURE,3103.0,2417,3103.0,409
23:15:06,SP-FUTURE,3103.0,2469,3103.0,357
23:15:06,ESX-FUTURE,3081.0,1974,3081.0,986
23:15:07,ESX-FUTURE,3081.0,610,3081.0,2350
23:15:08,SP-FUTURE,3103.0,1069,3103.0,1757
23:15:08,ESX-FUTURE,3081.0,453,3081.0,2507
23:15:09,ESX-FUTURE,3080.0,664,3081.0,2296
23:15:09,SP-FUTURE,3103.0,2076,3103.0,750
23:15:10,SP-FUTURE,3103.0,1815,3103.0,1011
23:15:10,ESX-FUTURE,3080.0,676,3080.0,2284
23:15:10,SP-FUTURE,3103.0,259,3103.0,2567
23:15:11,ESX-FUTURE,3079.0,2771,3080.0,189
23:15:11,SP-FUTURE,3102.0,1885,3103.0,941
23:15:12,ESX-FUTURE,3077.0,2355,3077.0,605
23:15:13,SP-FUTURE,3102.0,1710,3103.0,1116
23:15:13,ESX-FUTURE,3077.0,2102,3077.0,858
23:15:14,SP-FUTURE,3102.0,2696,3103.0,130
23:15:15,ESX-FUTURE,3077.0,2477,3077.0,483
23:15:15,SP-FUTURE,3102.0,2562,3103.0,264
23:15:16,ESX-FUTURE,3077.0,2606,3077.0,354
23:15:16,SP-FUTURE,3103.0,1019,3103.0,1807
23:15:17,SP-FUTURE,3102.0,731,3103.0,2095
23:15:18,ESX-FUTURE,3077.0,84,3077.0,2876
23:15:18,ESX-FUTURE,3077.0,2860,3077.0,100
23:15:19,ESX-FUTURE,3077.0,2840,3077.0,120
23:15:19,SP-FUTURE,3102.0,286,3103.0,2540
23:15:19,ESX-FUTURE,3078.0,918,3078.0,2042
23:15:20,SP-FUTURE,3103.0,2725,3103.0,101
23:15:21,SP-FUTURE,3103.0,2289,3103.0,537
23:15:21,ESX-FUTURE,3078.0,2251,3078.0,709
23:15:22,SP-FUTURE,3103.0,480,3103.0,2346
23:15:23,ESX-FUTURE,3078.0,1127,3078.0,1833
23:15:23,SP-FUTURE,3103.0,2604,3103.0,222
23:15:23,SP-FUTURE,3103.0,1858,3104.0,968
23:15:23,ESX-FUTURE,3078.0,1983,3078.0,977
23:15:25,ESX-FUTURE,3079.0,2893,3079.0,67
23:15:25,SP-FUTURE,3103.0,1885,3104.0,941
23:15:25,SP-FUTURE,3103.0,1236,3104.0,1590
23:15:26,ESX-FUTURE,3079.0,941,3079.0,2019
23:15:26,SP-FUTURE,3103.0,2763,3103.0,63
23:15:28,SP-FUTURE,3103.0,711,3103.0,2115
23:15:28,ESX-FUTURE,3079.0,446,3079.0,2514
23:15:28,SP-FUTURE,3103.0,1460,3104.0,1366
23:15:29,ESX-FUTURE,3079.0,467,3079.0,2493
23:15:30,SP-FUTURE,3103.0,1284,3104.0,1542
23:15:30,SP-FUTURE,3104.0,2168,3104.0,658
23:15:31,SP-FUTURE,3104.0,182,3104.0,2644
23:15:31,ESX-FUTURE,3079.0,289,3079.0,2671
23:15:31,SP-FUTURE,3103.0,2630,3104.0,196
23:15:32,SP-FUTURE,3103.0,2403,3104.0,423
23:15:32,ESX-FUTURE,3079.0,298,3079.0,2662
23:15:33,SP-FUTURE,3103.0,1738,3104.0,1088
23:15:34,ESX-FUTURE,3079.0,1722,3079.0,1238
23:15:34,SP-FUTURE,3103.0,897,3103.0,1929
23:15:35,ESX-FUTURE,3079.0,1719,3079.0,1241
23:15:35,SP-FUTURE,3103.0,2116,3103.0,710
23:15:35,ESX-FUTURE,3079.0,1814,3079.0,1146
23:15:37,ESX-FUTURE,3079.0,2108,3079.0,852
23:15:38,ESX-FUTURE,3079.0,1342,3079.0,1618
23:15:39,ESX-FUTURE,3079.0,153,3080.0,2807
23:15:39,SP-FUTURE,3104.0,2331,3104.0,495
23:15:39,SP-FUTURE,3104.0,2321,3104.0,505
23:15:40,SP-FUTURE,3104.0,2135,3104.0,691
23:15:40,ESX-FUTURE,3080.0,186,3080.0,2774
23:15:41,SP-FUTURE,3104.0,2474,3104.0,352
23:15:41,SP-FUTURE,3104.0,2385,3104.0,441
23:15:41,ESX-FUTURE,3079.0,1889,3079.0,1071
23:15:42,SP-FUTURE,3104.0,777,3104.0,2049
23:15:42,ESX-FUTURE,3081.0,1056,3081.0,1904
23:15:42,SP-FUTURE,3104.0,1777,3104.0,1049
23:15:43,ESX-FUTURE,3081.0,2115,3081.0,845
23:15:43,SP-FUTURE,3104.0,1764,3104.0,1062
23:15:44,ESX-FUTURE,3080.0,2854,3080.0,106
23:15:45,SP-FUTURE,3104.0,1676,3104.0,1150
23:15:45,ESX-FUTURE,3080.0,428,3080.0,2532
23:15:46,SP-FUTURE,3104.0,741,3104.0,2085
23:15:46,ESX-FUTURE,3081.0,2212,3081.0,748
23:15:46,ESX-FUTURE,3081.0,2063,3081.0,897
23:15:47,ESX-FUTURE,3084.0,972,3084.0,1988
23:15:47,SP-FUTURE,3104.0,904,3104.0,1922
23:15:47,SP-FUTURE,3104.0,2008,3105.0,818
23:15:48,ESX-FUTURE,3084.0,1848,3084.0,1112
23:15:48,SP-FUTURE,3104.0,2319,3104.0,507
23:15:48,SP-FUTURE,3105.0,1981,3105.0,845
23:15:48,ESX-FUTURE,3084.0,1630,3084.0,1330
23:15:49,SP-FUTURE,3105.0,1668,3105.0,1158
23:15:50,ESX-FUTURE,3084.0,1891,3084.0,1069
23:15:50,SP-FUTURE,3105.0,1683,3105.0,1143
23:15:51,ESX-FUTURE,3084.0,2732,3085.0,228
23:15:51,ESX-FUTURE,3085.0,1493,3085.0,1467
23:15:51,SP-FUTURE,3103.0,1252,3103.0,1574
23:15:52,SP-FUTURE,3103.0,249,3103.0,2577
23:15:52,SP-FUTURE,3103.0,1864,3103.0,962
23:15:53,ESX-FUTURE,3085.0,767,3085.0,2193
23:15:53,SP-FUTURE,3103.0,1404,3103.0,1422
23:15:54,ESX-FUTURE,3085.0,1083,3085.0,1877
23:15:54,SP-FUTURE,3105.0,480,3105.0,2346
23:15:55,ESX-FUTURE,3085.0,32,3085.0,2928
23:15:55,SP-FUTURE,3105.0,458,3105.0,2368
23:15:55,SP-FUTURE,3105.0,444,3105.0,2382
23:15:56,ESX-FUTURE,3085.0,1953,3085.0,1007
23:15:57,SP-FUTURE,3104.0,1072,3104.0,1754
23:15:57,ESX-FUTURE,3085.0,693,3085.0,2267
23:15:59,ESX-FUTURE,3084.0,413,3084.0,2547
23:15:59,SP-FUTURE,3104.0,709,3104.0,2117
23:16:00,ESX-FUTURE,3084.0,2052,3085.0,908
23:16:00,SP-FUTURE,3104.0,214,3104.0,2612
23:16:00,ESX-FUTURE,3084.0,2569,3085.0,391
23:16:01,SP-FUTURE,3104.0,1903,3104.0,923
23:16:01,ESX-FUTURE,3084.0,1130,3085.0,1830
23:16:01,ESX-FUTURE,3084.0,1036,3084.0,1924
23:16:02,SP-FUTURE,3103.0,839,3103.0,1987
23:16:03,ESX-FUTURE,3084.0,1817,3084.0,1143
23:16:03,SP-FUTURE,3104.0,1181,3104.0,1645
23:16:04,SP-FUTURE,3104.0,1451,3104.0,1375
23:16:04,ESX-FUTURE,3084.0,1758,3084.0,1202
23:16:05,SP-FUTURE,3104.0,860,3104.0,1966
23:16:05,ESX-FUTURE,3084.0,797,3084.0,2163
23:16:05,SP-FUTURE,3104.0,2564,3104.0,262
23:16:06,ESX-FUTURE,3084.0,1829,3084.0,1131
23:16:07,SP-FUTURE,3104.0,42,3104.0,2784
23:16:07,ESX-FUTURE,3084.0,1818,3084.0,1142
23:16:07,SP-FUTURE,3104.0,544,3104.0,2282
23:16:08,ESX-FUTURE,3084.0,868,3084.0,2092
23:16:08,SP-FUTURE,3104.0,2758,3104.0,68
23:16:09,SP-FUTURE,3104.0,2485,3104.0,341
23:16:09,ESX-FUTURE,3084.0,1265,3084.0,1695
23:16:10,ESX-FUTURE,3084.0,975,3084.0,1985
23:16:11,SP-FUTURE,3103.0,1791,3103.0,1035
23:16:12,ESX-FUTURE,3084.0,857,3084.0,2103
23:16:12,SP-FUTURE,3103.0,1879,3103.0,947
23:16:13,ESX-FUTURE,3084.0,502,3085.0,2458
23:16:13,SP-FUTURE,3103.0,1920,3104.0,906
23:16:13,SP-FUTURE,3103.0,1743,3104.0,1083
23:16:14,ESX-FUTURE,3084.0,1261,3084.0,1699
23:16:14,SP-FUTURE,3104.0,1310,3104.0,1516
23:16:15,SP-FUTURE,3104.0,1047,3104.0,1779
23:16:16,ESX-FUTURE,3084.0,711,3084.0,2249
23:16:16,SP-FUTURE,3104.0,713,3104.0,2113
23:16:17,ESX-FUTURE,3084.0,458,3084.0,2502
23:16:18,SP-FUTURE,3104.0,235,3104.0,2591
23:16:19,ESX-FUTURE,3084.0,465,3084.0,2495
23:16:20,SP-FUTURE,3104.0,2247,3104.0,579
23:16:20,SP-FUTURE,3104.0,1621,3104.0,1205
23:16:21,ESX-FUTURE,3084.0,2789,3084.0,171
23:16:21,ESX-FUTURE,3084.0,1531,3084.0,1429
23:16:21,SP-FUTURE,3103.0,20,3103.0,2806
23:16:21,SP-FUTURE,3104.0,2130,3104.0,696
23:16:21,SP-FUTURE,3105.0,1456,3105.0,1370
23:16:22,ESX-FUTURE,3084.0,2481,3084.0,479
23:16:23,SP-FUTURE,3105.0,1456,3105.0,1370
23:16:23,ESX-FUTURE,3084.0,404,3084.0,2556
23:16:24,ESX-FUTURE,3084.0,406,3084.0,2554
23:16:24,SP-FUTURE,3105.0,430,3105.0,2396
23:16:24,ESX-FUTURE,3083.0,2914,3084.0,46
23:16:25,SP-FUTURE,3105.0,248,3105.0,2578
23:16:25,ESX-FUTURE,3083.0,2428,3084.0,532
23:16:26,SP-FUTURE,3105.0,513,3105.0,2313
23:16:26,ESX-FUTURE,3083.0,2919,3084.0,41
23:16:27,ESX-FUTURE,3084.0,2166,3084.0,794
23:16:27,SP-FUTURE,3105.0,2774,3105.0,52
23:16:27,ESX-FUTURE,3084.0,2083,3084.0,877
23:16:28,ESX-FUTURE,3084.0,2071,3084.0,889
23:16:28,SP-FUTURE,3105.0,999,3105.0,1827
23:16:29,SP-FUTURE,3105.0,671,3105.0,2155
23:16:29,ESX-FUTURE,3084.0,1910,3084.0,1050
23:16:30,SP-FUTURE,3105.0,796,3105.0,2030
23:16:30,ESX-FUTURE,3084.0,1849,3084.0,1111
23:16:30,SP-FUTURE,3105.0,815,3105.0,2011
23:16:31,ESX-FUTURE,3084.0,1362,3084.0,1598
23:16:31,SP-FUTURE,3105.0,2408,3105.0,418
23:16:31,ESX-FUTURE,3084.0,1178,3084.0,1782
23:16:32,ESX-FUTURE,3084.0,2765,3084.0,195
23:16:32,SP-FUTURE,3105.0,1663,3105.0,1163
23:16:32,SP-FUTURE,3105.0,1668,3105.0,1158
23:16:33,SP-FUTURE,3105.0,644,3105.0,2182
23:16:33,SP-FUTURE,3105.0,239,3105.0,2587
23:16:33,ESX-FUTURE,3084.0,2456,3084.0,504
23:16:34,SP-FUTURE,3105.0,2682,3105.0,144
23:16:34,ESX-FUTURE,3084.0,2580,3084.0,380
23:16:35,ESX-FUTURE,3084.0,2167,3084.0,793
23:16:35,SP-FUTURE,3105.0,2207,3105.0,619
23:16:36,ESX-FUTURE,3084.0,2870,3084.0,90
23:16:36,SP-FUTURE,3105.0,2254,3105.0,572
23:16:37,ESX-FUTURE,3084.0,1313,3084.0,1647
23:16:37,ESX-FUTURE,3084.0,2579,3084.0,381
23:16:38,SP-FUTURE,3105.0,2317,3105.0,509
23:16:38,SP-FUTURE,3105.0,277,3105.0,2549
23:16:38,ESX-FUTURE,3084.0,1406,3084.0,1554
23:16:40,SP-FUTURE,3105.0,1142,3105.0,1684
23:16:40,ESX-FUTURE,3084.0,1965,3085.0,995
23:16:41,ESX-FUTURE,3085.0,1771,3085.0,1189
23:16:42,ESX-FUTURE,3085.0,1231,3085.0,1729
23:16:42,SP-FUTURE,3104.0,1724,3105.0,1102
23:16:43,SP-FUTURE,3105.0,74,3105.0,2752
23:16:43,ESX-FUTURE,3085.0,1226,3085.0,1734
23:16:44,SP-FUTURE,3104.0,2764,3104.0,62
23:16:45,ESX-FUTURE,3085.0,1203,3085.0,1757
23:16:45,ESX-FUTURE,3085.0,1255,3085.0,1705
23:16:46,SP-FUTURE,3104.0,1960,3104.0,866
23:16:46,ESX-FUTURE,3085.0,2527,3085.0,433
23:16:47,SP-FUTURE,3104.0,2318,3104.0,508
23:16:47,ESX-FUTURE,3085.0,2377,3085.0,583
23:16:47,ESX-FUTURE,3085.0,2659,3085.0,301
23:16:48,SP-FUTURE,3104.0,2434,3104.0,392
23:16:49,SP-FUTURE,3104.0,2612,3104.0,214
23:16:49,ESX-FUTURE,3085.0,120,3086.0,2840
23:16:50,SP-FUTURE,3104.0,2549,3105.0,277
23:16:51,SP-FUTURE,3104.0,2521,3105.0,305
23:16:51,ESX-FUTURE,3085.0,2700,3085.0,260
23:16:52,ESX-FUTURE,3085.0,1127,3085.0,1833
23:16:52,SP-FUTURE,3105.0,345,3105.0,2481
23:16:53,ESX-FUTURE,3086.0,452,3086.0,2508
23:16:54,SP-FUTURE,3105.0,1992,3105.0,834
23:16:54,ESX-FUTURE,3085.0,477,3085.0,2483
23:16:55,ESX-FUTURE,3084.0,1252,3084.0,1708
23:16:55,SP-FUTURE,3105.0,2499,3105.0,327
23:16:56,SP-FUTURE,3105.0,2473,3105.0,353
23:16:56,ESX-FUTURE,3084.0,1780,3084.0,1180
23:16:57,ESX-FUTURE,3084.0,1132,3084.0,1828
23:16:58,SP-FUTURE,3105.0,1469,3105.0,1357
23:16:58,ESX-FUTURE,3084.0,1719,3084.0,1241
23:16:59,SP-FUTURE,3105.0,2296,3105.0,530
23:17:00,ESX-FUTURE,3084.0,1805,3084.0,1155
23:17:00,SP-FUTURE,3105.0,1976,3105.0,850
23:17:00,ESX-FUTURE,3084.0,1903,3084.0,1057
23:17:01,SP-FUTURE,3103.0,2714,3104.0,112
23:17:02,SP-FUTURE,3103.0,561,3104.0,2265
23:17:02,ESX-FUTURE,3084.0,803,3084.0,2157
23:17:02,SP-FUTURE,3103.0,537,3104.0,2289
23:17:03,SP-FUTURE,3103.0,868,3103.0,1958
23:17:03,ESX-FUTURE,3084.0,222,3084.0,2738
23:17:04,SP-FUTURE,3103.0,1351,3103.0,1475
23:17:04,ESX-FUTURE,3083.0,2580,3084.0,380
23:17:05,SP-FUTURE,3103.0,1641,3103.0,1185
23:17:05,ESX-FUTURE,3084.0,371,3084.0,2589
23:17:06,SP-FUTURE,3103.0,1641,3103.0,1185
23:17:07,ESX-FUTURE,3083.0,139,3083.0,2821
23:17:07,SP-FUTURE,3103.0,1806,3103.0,1020
23:17:08,ESX-FUTURE,3083.0,2223,3083.0,737
23:17:08,SP-FUTURE,3102.0,1534,3102.0,1292
23:17:08,ESX-FUTURE,3083.0,297,3083.0,2663
23:17:10,ESX-FUTURE,3084.0,1689,3084.0,1271
23:17:10,SP-FUTURE,3102.0,758,3103.0,2068
23:17:11,SP-FUTURE,3102.0,546,3102.0,2280
23:17:11,ESX-FUTURE,3084.0,927,3084.0,2033
23:17:12,SP-FUTURE,3101.0,1336,3101.0,1490
23:17:12,ESX-FUTURE,3084.0,2925,3084.0,35
23:17:12,SP-FUTURE,3101.0,896,3101.0,1930
23:17:13,SP-FUTURE,3101.0,956,3101.0,1870
23:17:13,ESX-FUTURE,3083.0,247,3084.0,2713
23:17:13,ESX-FUTURE,3083.0,1185,3083.0,1775
23:17:14,ESX-FUTURE,3083.0,2063,3083.0,897
23:17:14,SP-FUTURE,3101.0,1299,3102.0,1527
23:17:14,SP-FUTURE,3101.0,2589,3102.0,237
23:17:15,ESX-FUTURE,3083.0,2059,3083.0,901
23:17:16,SP-FUTURE,3100.0,2774,3101.0,52
23:17:16,ESX-FUTURE,3083.0,2067,3083.0,893
23:17:17,SP-FUTURE,3101.0,291,3101.0,2535
23:17:17,SP-FUTURE,3101.0,352,3101.0,2474
23:17:18,ESX-FUTURE,3083.0,1136,3083.0,1824
23:17:18,SP-FUTURE,3101.0,767,3101.0,2059
23:17:19,SP-FUTURE,3101.0,1830,3101.0,996
23:17:19,ESX-FUTURE,3084.0,2647,3084.0,313
23:17:20,SP-FUTURE,3101.0,1766,3101.0,1060
23:17:20,ESX-FUTURE,3084.0,839,3084.0,2121
23:17:21,SP-FUTURE,3100.0,2075,3101.0,751
23:17:22,ESX-FUTURE,3084.0,1367,3085.0,1593
23:17:24,ESX-FUTURE,3084.0,2668,3085.0,292
23:17:25,ESX-FUTURE,3085.0,206,3085.0,2754
23:17:26,SP-FUTURE,3103.0,468,3104.0,2358
23:17:27,ESX-FUTURE,3085.0,395,3085.0,2565
23:17:27,SP-FUTURE,3103.0,238,3104.0,2588
23:17:28,ESX-FUTURE,3085.0,396,3085.0,2564
23:17:29,ESX-FUTURE,3085.0,1984,3086.0,976
23:17:30,ESX-FUTURE,3082.0,1654,3083.0,1306
23:17:32,ESX-FUTURE,3082.0,1123,3083.0,1837
23:17:33,ESX-FUTURE,3082.0,1123,3083.0,1837
23:17:34,ESX-FUTURE,3082.0,1124,3083.0,1836
23:17:34,SP-FUTURE,3104.0,822,3104.0,2006
23:17:35,SP-FUTURE,3106.0,1926,3106.0,902
23:17:36,ESX-FUTURE,3082.0,1090,3083.0,1870
23:17:36,SP-FUTURE,3105.0,1577,3106.0,1251
23:17:37,ESX-FUTURE,3082.0,1518,3083.0,1442
23:17:38,ESX-FUTURE,3082.0,2203,3082.0,757
23:17:39,ESX-FUTURE,3081.0,6,3081.0,2954
23:17:39,SP-FUTURE,3105.0,2622,3105.0,206
23:17:40,ESX-FUTURE,3081.0,1728,3081.0,1232
23:17:41,SP-FUTURE,3106.0,2487,3106.0,341
23:17:41,ESX-FUTURE,3081.0,1751,3081.0,1209
23:17:42,SP-FUTURE,3106.0,1560,3106.0,1268
23:17:42,ESX-FUTURE,3081.0,1153,3081.0,1807
23:17:42,ESX-FUTURE,3082.0,2302,3082.0,658
23:17:43,ESX-FUTURE,3082.0,543,3083.0,2417
23:17:44,SP-FUTURE,3106.0,1522,3106.0,1306
23:17:44,ESX-FUTURE,3083.0,1586,3083.0,1374
23:17:45,SP-FUTURE,3106.0,2822,3106.0,6
23:17:45,ESX-FUTURE,3083.0,1588,3083.0,1372
23:17:48,SP-FUTURE,3107.0,552,3107.0,2276
23:17:48,ESX-FUTURE,3083.0,660,3083.0,2300
23:17:49,SP-FUTURE,3107.0,712,3107.0,2116
23:17:50,SP-FUTURE,3104.0,1854,3104.0,974
23:17:50,ESX-FUTURE,3083.0,2237,3083.0,723
23:17:50,ESX-FUTURE,3083.0,1825,3083.0,1135
23:17:50,SP-FUTURE,3104.0,2480,3105.0,348
23:17:51,SP-FUTURE,3104.0,2656,3105.0,172
23:17:51,SP-FUTURE,3104.0,290,3105.0,2538
23:17:52,ESX-FUTURE,3083.0,1086,3083.0,1874
23:17:52,SP-FUTURE,3106.0,2134,3107.0,694
23:17:53,ESX-FUTURE,3081.0,2945,3082.0,15
23:17:53,SP-FUTURE,3106.0,2150,3107.0,678
23:17:53,ESX-FUTURE,3082.0,2694,3082.0,266
23:17:54,ESX-FUTURE,3082.0,2788,3082.0,172
23:17:55,SP-FUTURE,3106.0,2038,3107.0,790
23:17:55,SP-FUTURE,3106.0,2329,3107.0,499
23:17:56,ESX-FUTURE,3082.0,378,3082.0,2582
23:17:57,SP-FUTURE,3107.0,2810,3107.0,18
23:17:57,ESX-FUTURE,3082.0,263,3082.0,2697
23:17:57,SP-FUTURE,3107.0,2439,3107.0,389
23:17:57,ESX-FUTURE,3082.0,1680,3082.0,1280
23:17:58,ESX-FUTURE,3082.0,1903,3082.0,1057
23:17:58,SP-FUTURE,3107.0,2514,3107.0,314
23:17:58,ESX-FUTURE,3082.0,2267,3082.0,693
23:17:59,ESX-FUTURE,3082.0,1960,3082.0,1000
23:17:59,SP-FUTURE,3107.0,1403,3107.0,1425
23:18:00,ESX-FUTURE,3082.0,2714,3082.0,246
23:18:00,SP-FUTURE,3107.0,1559,3107.0,1269
23:18:01,ESX-FUTURE,3082.0,1140,3082.0,1820
23:18:02,SP-FUTURE,3107.0,2461,3107.0,367
23:18:02,ESX-FUTURE,3082.0,1399,3082.0,1561
23:18:03,SP-FUTURE,3106.0,2691,3106.0,137
23:18:04,ESX-FUTURE,3082.0,653,3082.0,2307
23:18:04,SP-FUTURE,3106.0,751,3106.0,2077
23:18:05,ESX-FUTURE,3082.0,432,3082.0,2528
23:18:06,ESX-FUTURE,3082.0,801,3082.0,2159
23:18:06,SP-FUTURE,3107.0,2535,3108.0,293
23:18:06,ESX-FUTURE,3082.0,2864,3082.0,96
23:18:07,SP-FUTURE,3107.0,2582,3108.0,246
23:18:07,ESX-FUTURE,3082.0,2874,3082.0,86
23:18:08,SP-FUTURE,3107.0,2672,3108.0,156
23:18:09,SP-FUTURE,3108.0,766,3108.0,2062
23:18:10,ESX-FUTURE,3082.0,547,3083.0,2413
23:18:11,SP-FUTURE,3108.0,492,3108.0,2336
23:18:13,ESX-FUTURE,3083.0,871,3083.0,2089
23:18:14,SP-FUTURE,3107.0,1956,3108.0,872
23:18:14,ESX-FUTURE,3081.0,2641,3082.0,319
23:18:16,SP-FUTURE,3107.0,2256,3108.0,572
23:18:16,ESX-FUTURE,3081.0,2604,3082.0,356
23:18:17,SP-FUTURE,3108.0,154,3108.0,2674
23:18:17,SP-FUTURE,3107.0,1573,3108.0,1255
23:18:18,ESX-FUTURE,3081.0,1849,3082.0,1111
23:18:20,SP-FUTURE,3107.0,340,3107.0,2488
23:18:21,SP-FUTURE,3107.0,324,3107.0,2504
23:18:21,ESX-FUTURE,3082.0,396,3082.0,2564
23:18:21,ESX-FUTURE,3082.0,708,3082.0,2252
23:18:21,SP-FUTURE,3106.0,303,3107.0,2525
23:18:22,ESX-FUTURE,3082.0,1467,3083.0,1493
23:18:23,SP-FUTURE,3106.0,1056,3107.0,1772
23:18:24,ESX-FUTURE,3082.0,1134,3082.0,1826
23:18:24,SP-FUTURE,3107.0,963,3107.0,1865
23:18:25,ESX-FUTURE,3082.0,707,3082.0,2253
23:18:25,SP-FUTURE,3108.0,2729,3108.0,99
23:18:26,SP-FUTURE,3108.0,1971,3108.0,857
23:18:26,ESX-FUTURE,3082.0,707,3082.0,2253
23:18:27,SP-FUTURE,3108.0,2208,3108.0,620
23:18:27,SP-FUTURE,3108.0,1247,3108.0,1581
23:18:27,ESX-FUTURE,3082.0,676,3082.0,2284
23:18:28,ESX-FUTURE,3082.0,898,3082.0,2062
23:18:29,SP-FUTURE,3108.0,1300,3108.0,1528
23:18:30,SP-FUTURE,3108.0,716,3108.0,2112
23:18:30,ESX-FUTURE,3082.0,2394,3083.0,566
23:18:31,SP-FUTURE,3107.0,1195,3108.0,1633
23:18:32,ESX-FUTURE,3084.0,518,3085.0,2442
23:18:32,ESX-FUTURE,3085.0,1239,3085.0,1721
23:18:32,SP-FUTURE,3108.0,279,3108.0,2549
23:18:33,ESX-FUTURE,3085.0,1606,3085.0,1354
23:18:35,ESX-FUTURE,3084.0,1293,3085.0,1667
23:18:35,SP-FUTURE,3107.0,1175,3108.0,1653
23:18:35,ESX-FUTURE,3084.0,21,3084.0,2939
23:18:36,SP-FUTURE,3107.0,1185,3108.0,1643
23:18:37,ESX-FUTURE,3084.0,1045,3084.0,1915
23:18:37,SP-FUTURE,3110.0,1008,3110.0,1820
23:18:38,ESX-FUTURE,3085.0,313,3085.0,2647
23:18:38,SP-FUTURE,3110.0,70,3110.0,2758
23:18:38,ESX-FUTURE,3085.0,662,3085.0,2298
23:18:38,SP-FUTURE,3109.0,1347,3110.0,1481
23:18:39,SP-FUTURE,3110.0,2420,3110.0,408
23:18:40,ESX-FUTURE,3085.0,419,3086.0,2541
23:18:40,SP-FUTURE,3110.0,1164,3110.0,1664
23:18:40,SP-FUTURE,3110.0,1088,3110.0,1740
23:18:40,ESX-FUTURE,3086.0,888,3086.0,2072
23:18:41,SP-FUTURE,3110.0,787,3110.0,2041
23:18:41,ESX-FUTURE,3086.0,500,3086.0,2460
23:18:43,ESX-FUTURE,3086.0,183,3086.0,2777
23:18:43,SP-FUTURE,3110.0,782,3110.0,2046
23:18:44,SP-FUTURE,3110.0,728,3110.0,2100
23:18:45,ESX-FUTURE,3085.0,2579,3085.0,381
23:18:46,SP-FUTURE,3110.0,1277,3110.0,1551
23:18:46,ESX-FUTURE,3085.0,377,3085.0,2583
23:18:47,ESX-FUTURE,3084.0,101,3084.0,2859
23:18:48,SP-FUTURE,3110.0,1272,3110.0,1556
23:18:48,ESX-FUTURE,3084.0,381,3084.0,2579
23:18:49,SP-FUTURE,3110.0,339,3110.0,2489
23:18:49,ESX-FUTURE,3084.0,387,3084.0,2573
23:18:50,SP-FUTURE,3110.0,1885,3110.0,943
23:18:50,SP-FUTURE,3110.0,737,3110.0,2091
23:18:51,ESX-FUTURE,3084.0,1263,3084.0,1697
23:18:52,SP-FUTURE,3110.0,698,3110.0,2130
23:18:52,ESX-FUTURE,3084.0,53,3084.0,2907
23:18:53,ESX-FUTURE,3084.0,913,3084.0,2047
23:18:53,SP-FUTURE,3110.0,619,3110.0,2209
23:18:54,ESX-FUTURE,3084.0,862,3084.0,2098
23:18:54,SP-FUTURE,3110.0,116,3110.0,2712
23:18:55,ESX-FUTURE,3084.0,700,3084.0,2260
23:18:56,SP-FUTURE,3109.0,2234,3110.0,594
23:18:56,SP-FUTURE,3109.0,2816,3110.0,12
23:18:56,SP-FUTURE,3109.0,2536,3110.0,292
23:18:56,ESX-FUTURE,3084.0,2021,3084.0,939
23:18:57,SP-FUTURE,3110.0,2322,3110.0,506
23:18:57,ESX-FUTURE,3083.0,531,3083.0,2429
23:18:58,SP-FUTURE,3110.0,2385,3110.0,443
23:18:58,ESX-FUTURE,3083.0,1007,3083.0,1953
23:18:59,SP-FUTURE,3110.0,1570,3110.0,1258
23:18:59,ESX-FUTURE,3083.0,904,3083.0,2056
23:19:00,SP-FUTURE,3109.0,1860,3110.0,968
23:19:00,SP-FUTURE,3109.0,1896,3110.0,932
23:19:01,ESX-FUTURE,3083.0,1413,3083.0,1547
23:19:01,SP-FUTURE,3109.0,1084,3110.0,1744
23:19:02,ESX-FUTURE,3082.0,1782,3082.0,1178
23:19:02,SP-FUTURE,3110.0,2687,3110.0,141
23:19:03,ESX-FUTURE,3082.0,1843,3082.0,1117
23:19:04,SP-FUTURE,3110.0,1289,3111.0,1539
23:19:04,SP-FUTURE,3110.0,2742,3110.0,86
23:19:04,SP-FUTURE,3110.0,434,3110.0,2394
23:19:05,SP-FUTURE,3110.0,1718,3110.0,1110
23:19:05,SP-FUTURE,3111.0,1664,3111.0,1164
23:19:05,ESX-FUTURE,3082.0,868,3082.0,2092
23:19:06,SP-FUTURE,3111.0,2598,3111.0,230
23:19:06,ESX-FUTURE,3082.0,2944,3082.0,16
23:19:07,ESX-FUTURE,3082.0,2905,3082.0,55
23:19:07,SP-FUTURE,3111.0,2677,3111.0,151
23:19:08,ESX-FUTURE,3082.0,589,3082.0,2371
23:19:08,ESX-FUTURE,3082.0,794,3082.0,2166
23:19:08,SP-FUTURE,3111.0,2007,3111.0,821
23:19:09,SP-FUTURE,3111.0,1502,3111.0,1326
23:19:09,SP-FUTURE,3110.0,1712,3110.0,1116
23:19:10,ESX-FUTURE,3082.0,2886,3082.0,74
23:19:10,SP-FUTURE,3110.0,1797,3110.0,1031
23:19:11,ESX-FUTURE,3083.0,1982,3083.0,978
23:19:11,SP-FUTURE,3110.0,65,3111.0,2763
23:19:11,ESX-FUTURE,3083.0,2084,3083.0,876
23:19:13,SP-FUTURE,3110.0,1342,3111.0,1486
23:19:13,ESX-FUTURE,3083.0,1164,3083.0,1796
23:19:13,SP-FUTURE,3110.0,957,3110.0,1871
23:19:13,ESX-FUTURE,3083.0,1163,3083.0,1797
23:19:15,ESX-FUTURE,3082.0,771,3083.0,2189
23:19:15,SP-FUTURE,3111.0,1696,3111.0,1132
23:19:15,SP-FUTURE,3111.0,1767,3111.0,1061
23:19:16,ESX-FUTURE,3082.0,731,3082.0,2229
23:19:16,SP-FUTURE,3111.0,1820,3111.0,1008
23:19:16,ESX-FUTURE,3082.0,100,3083.0,2860
23:19:16,SP-FUTURE,3111.0,1610,3111.0,1218
23:19:17,ESX-FUTURE,3082.0,1393,3082.0,1567
23:19:17,SP-FUTURE,3111.0,1291,3111.0,1537
23:19:18,ESX-FUTURE,3083.0,1378,3083.0,1582
23:19:18,SP-FUTURE,3111.0,152,3111.0,2676
23:19:20,SP-FUTURE,3110.0,400,3110.0,2428
23:19:20,ESX-FUTURE,3086.0,2374,3086.0,586
23:19:20,SP-FUTURE,3110.0,1104,3110.0,1724
23:19:21,ESX-FUTURE,3088.0,2345,3088.0,615
23:19:22,SP-FUTURE,3110.0,1693,3110.0,1135
23:19:22,SP-FUTURE,3110.0,1568,3110.0,1260
23:19:23,ESX-FUTURE,3088.0,2080,3088.0,880
23:19:23,SP-FUTURE,3110.0,2497,3110.0,331
23:19:24,SP-FUTURE,3111.0,1833,3111.0,995
23:19:25,ESX-FUTURE,3086.0,2793,3086.0,167
23:19:25,SP-FUTURE,3111.0,1915,3111.0,913
23:19:25,ESX-FUTURE,3084.0,2226,3085.0,734
23:19:26,ESX-FUTURE,3084.0,1218,3085.0,1742
23:19:26,SP-FUTURE,3111.0,1113,3111.0,1715
23:19:27,ESX-FUTURE,3084.0,554,3085.0,2406
23:19:28,ESX-FUTURE,3083.0,2084,3084.0,876
23:19:28,SP-FUTURE,3111.0,96,3111.0,2732
23:19:29,ESX-FUTURE,3083.0,2396,3084.0,564
23:19:29,SP-FUTURE,3108.0,1512,3108.0,1316
23:19:30,ESX-FUTURE,3084.0,1011,3084.0,1949
23:19:31,SP-FUTURE,3108.0,1297,3108.0,1531
23:19:31,ESX-FUTURE,3085.0,253,3085.0,2707
23:19:32,ESX-FUTURE,3084.0,2039,3085.0,921
23:19:32,SP-FUTURE,3108.0,2068,3108.0,760
23:19:32,ESX-FUTURE,3084.0,1664,3085.0,1296
23:19:33,ESX-FUTURE,3084.0,2164,3085.0,796
23:19:33,SP-FUTURE,3107.0,2387,3107.0,441
23:19:33,ESX-FUTURE,3084.0,2281,3085.0,679
23:19:34,SP-FUTURE,3107.0,1433,3107.0,1395
23:19:34,ESX-FUTURE,3084.0,2175,3085.0,785
23:19:34,ESX-FUTURE,3084.0,1364,3084.0,1596
23:19:35,SP-FUTURE,3107.0,1098,3107.0,1730
23:19:35,ESX-FUTURE,3084.0,1375,3084.0,1585
23:19:35,SP-FUTURE,3107.0,758,3107.0,2070
23:19:36,ESX-FUTURE,3084.0,405,3084.0,2555
23:19:36,ESX-FUTURE,3084.0,1505,3084.0,1455
23:19:37,SP-FUTURE,3106.0,587,3106.0,2241
23:19:37,SP-FUTURE,3106.0,1965,3107.0,863
23:19:38,ESX-FUTURE,3084.0,2379,3084.0,581
23:19:38,SP-FUTURE,3106.0,1865,3107.0,963
23:19:39,SP-FUTURE,3106.0,1485,3107.0,1343
23:19:39,ESX-FUTURE,3083.0,214,3084.0,2746
23:19:40,ESX-FUTURE,3083.0,206,3084.0,2754
23:19:40,ESX-FUTURE,3083.0,2187,3083.0,773
23:19:41,ESX-FUTURE,3083.0,1448,3083.0,1512
23:19:41,SP-FUTURE,3106.0,1814,3107.0,1014
23:19:42,SP-FUTURE,3106.0,2650,3106.0,178
23:19:42,ESX-FUTURE,3083.0,605,3083.0,2355
23:19:43,SP-FUTURE,3106.0,2635,3106.0,193
23:19:43,ESX-FUTURE,3083.0,1380,3083.0,1580
23:19:44,ESX-FUTURE,3083.0,1379,3083.0,1581
23:19:45,SP-FUTURE,3106.0,2394,3107.0,434
23:19:46,ESX-FUTURE,3083.0,1379,3083.0,1581
23:19:46,SP-FUTURE,3107.0,810,3107.0,2018
23:19:46,ESX-FUTURE,3083.0,227,3083.0,2733
23:19:46,SP-FUTURE,3107.0,177,3107.0,2651
23:19:47,ESX-FUTURE,3083.0,168,3083.0,2792
23:19:48,ESX-FUTURE,3083.0,136,3083.0,2824
23:19:48,SP-FUTURE,3107.0,148,3107.0,2680
23:19:49,ESX-FUTURE,3083.0,134,3083.0,2826
23:19:49,SP-FUTURE,3107.0,337,3107.0,2491
23:19:50,ESX-FUTURE,3083.0,1344,3083.0,1616
23:19:50,SP-FUTURE,3107.0,1165,3107.0,1663
23:19:51,ESX-FUTURE,3082.0,2783,3082.0,177
23:19:52,SP-FUTURE,3105.0,1614,3105.0,1214
23:19:52,ESX-FUTURE,3082.0,1297,3083.0,1663
23:19:53,SP-FUTURE,3104.0,1156,3105.0,1672
23:19:53,ESX-FUTURE,3083.0,125,3083.0,2835
23:19:54,SP-FUTURE,3104.0,1082,3105.0,1746
23:19:55,ESX-FUTURE,3083.0,1849,3083.0,1111
23:19:56,SP-FUTURE,3104.0,1417,3104.0,1411
23:19:57,ESX-FUTURE,3083.0,526,3083.0,2434
23:19:58,SP-FUTURE,3107.0,842,3107.0,1986
23:19:58,SP-FUTURE,3108.0,419,3109.0,2409
23:19:58,ESX-FUTURE,3083.0,1998,3083.0,962
23:19:59,SP-FUTURE,3108.0,2783,3108.0,45
23:20:00,ESX-FUTURE,3083.0,2016,3083.0,944
23:20:00,SP-FUTURE,3108.0,2819,3108.0,9
23:20:01,ESX-FUTURE,3083.0,2020,3083.0,940
23:20:01,SP-FUTURE,3108.0,2731,3108.0,97
23:20:02,ESX-FUTURE,3083.0,2234,3083.0,726
23:20:03,ESX-FUTURE,3083.0,2272,3083.0,688
23:20:03,SP-FUTURE,3108.0,2404,3108.0,424
23:20:04,ESX-FUTURE,3083.0,2337,3083.0,623
23:20:05,SP-FUTURE,3108.0,659,3108.0,2169
23:20:05,ESX-FUTURE,3083.0,2,3083.0,2958
23:20:06,SP-FUTURE,3108.0,659,3108.0,2169
23:20:06,ESX-FUTURE,3083.0,1382,3083.0,1578
23:20:06,SP-FUTURE,3108.0,2480,3108.0,348
23:20:06,ESX-FUTURE,3081.0,345,3082.0,2615
23:20:06,ESX-FUTURE,3081.0,1846,3082.0,1114
23:20:07,SP-FUTURE,3108.0,2589,3108.0,239
23:20:08,ESX-FUTURE,3081.0,2105,3082.0,855
23:20:09,ESX-FUTURE,3082.0,360,3082.0,2600
23:20:09,ESX-FUTURE,3081.0,1153,3082.0,1807
23:20:09,SP-FUTURE,3108.0,1412,3108.0,1416
23:20:10,SP-FUTURE,3108.0,1504,3108.0,1324
23:20:11,ESX-FUTURE,3081.0,457,3081.0,2503
23:20:11,SP-FUTURE,3108.0,1627,3108.0,1201
23:20:13,SP-FUTURE,3108.0,1625,3108.0,1203
23:20:13,ESX-FUTURE,3081.0,2106,3081.0,854
23:20:14,SP-FUTURE,3108.0,531,3108.0,2297
23:20:14,ESX-FUTURE,3081.0,242,3082.0,2718
23:20:14,SP-FUTURE,3107.0,2551,3108.0,277
23:20:14,SP-FUTURE,3107.0,2519,3108.0,309
23:20:15,ESX-FUTURE,3081.0,591,3081.0,2369
23:20:16,ESX-FUTURE,3081.0,599,3081.0,2361
23:20:16,SP-FUTURE,3107.0,2318,3108.0,510
23:20:17,SP-FUTURE,3108.0,2578,3108.0,250
23:20:17,ESX-FUTURE,3081.0,1337,3081.0,1623
23:20:18,ESX-FUTURE,3081.0,2604,3081.0,356
23:20:19,SP-FUTURE,3108.0,2503,3108.0,325
23:20:19,ESX-FUTURE,3081.0,827,3081.0,2133
23:20:20,SP-FUTURE,3107.0,2502,3107.0,326
23:20:20,ESX-FUTURE,3081.0,2766,3081.0,194
23:20:21,SP-FUTURE,3107.0,743,3107.0,2085
23:20:21,ESX-FUTURE,3081.0,1735,3081.0,1225
23:20:22,SP-FUTURE,3108.0,2362,3108.0,466
23:20:22,ESX-FUTURE,3081.0,1717,3082.0,1243
23:20:24,SP-FUTURE,3108.0,2548,3108.0,280
23:20:24,ESX-FUTURE,3081.0,1389,3082.0,1571
23:20:25,ESX-FUTURE,3081.0,1204,3081.0,1756
23:20:26,SP-FUTURE,3108.0,2388,3108.0,440
23:20:27,ESX-FUTURE,3081.0,2340,3081.0,620
23:20:27,SP-FUTURE,3108.0,1597,3108.0,1231
23:20:28,ESX-FUTURE,3081.0,1892,3081.0,1068
23:20:29,SP-FUTURE,3108.0,314,3108.0,2514
23:20:29,ESX-FUTURE,3081.0,1509,3081.0,1451
23:20:29,SP-FUTURE,3108.0,557,3108.0,2271
23:20:29,ESX-FUTURE,3080.0,659,3081.0,2301
23:20:29,SP-FUTURE,3110.0,1069,3110.0,1759
23:20:31,SP-FUTURE,3110.0,416,3110.0,2412
23:20:31,ESX-FUTURE,3080.0,277,3081.0,2683
23:20:32,SP-FUTURE,3110.0,1054,3110.0,1774
23:20:32,ESX-FUTURE,3081.0,492,3081.0,2468
23:20:33,SP-FUTURE,3110.0,1218,3110.0,1610
23:20:33,ESX-FUTURE,3081.0,2783,3081.0,177
23:20:34,ESX-FUTURE,3081.0,2770,3081.0,190
23:20:34,SP-FUTURE,3110.0,2800,3110.0,28
23:20:35,SP-FUTURE,3110.0,270,3111.0,2558
23:20:35,ESX-FUTURE,3081.0,2765,3081.0,195
23:20:36,ESX-FUTURE,3081.0,2648,3081.0,312
23:20:36,SP-FUTURE,3110.0,1143,3111.0,1685
23:20:37,SP-FUTURE,3110.0,1419,3111.0,1409
23:20:37,ESX-FUTURE,3081.0,188,3081.0,2772
23:20:38,SP-FUTURE,3110.0,1199,3111.0,1629
23:20:39,ESX-FUTURE,3081.0,207,3081.0,2753
23:20:39,ESX-FUTURE,3080.0,2194,3080.0,766
23:20:40,SP-FUTURE,3110.0,642,3110.0,2186
23:20:40,ESX-FUTURE,3080.0,1372,3080.0,1588
23:20:40,SP-FUTURE,3111.0,2002,3111.0,826
23:20:41,ESX-FUTURE,3080.0,445,3080.0,2515
23:20:41,SP-FUTURE,3111.0,271,3111.0,2557
23:20:42,ESX-FUTURE,3080.0,2396,3080.0,564
23:20:43,ESX-FUTURE,3080.0,2677,3080.0,283
23:20:43,SP-FUTURE,3111.0,276,3111.0,2552
23:20:44,SP-FUTURE,3110.0,2257,3110.0,571
23:20:44,ESX-FUTURE,3080.0,457,3081.0,2503
23:20:46,SP-FUTURE,3110.0,1433,3110.0,1395
23:20:46,ESX-FUTURE,3080.0,1028,3080.0,1932
23:20:46,SP-FUTURE,3110.0,378,3110.0,2450
23:20:46,SP-FUTURE,3110.0,2195,3110.0,633
23:20:48,SP-FUTURE,3110.0,2225,3110.0,603
23:20:48,ESX-FUTURE,3080.0,2322,3080.0,638
23:20:49,ESX-FUTURE,3080.0,2390,3080.0,570
23:20:50,SP-FUTURE,3110.0,1053,3110.0,1775
23:20:50,SP-FUTURE,3110.0,2700,3110.0,128
23:20:50,ESX-FUTURE,3079.0,2504,3080.0,456
23:20:51,SP-FUTURE,3109.0,2075,3110.0,753
23:20:51,ESX-FUTURE,3079.0,2937,3080.0,23
23:20:53,ESX-FUTURE,3079.0,307,3080.0,2653
23:20:53,SP-FUTURE,3109.0,1595,3109.0,1233
23:20:54,SP-FUTURE,3109.0,1016,3109.0,1812
23:20:54,ESX-FUTURE,3079.0,114,3080.0,2846
23:20:56,SP-FUTURE,3109.0,846,3109.0,1982
23:20:56,ESX-FUTURE,3079.0,416,3080.0,2544
23:20:56,SP-FUTURE,3109.0,637,3109.0,2191
23:20:57,ESX-FUTURE,3079.0,2324,3079.0,636
23:20:57,SP-FUTURE,3109.0,2117,3109.0,711
23:20:59,ESX-FUTURE,3078.0,1371,3078.0,1589
23:21:00,SP-FUTURE,3109.0,494,3109.0,2334
23:21:01,ESX-FUTURE,3078.0,1624,3078.0,1336
23:21:01,SP-FUTURE,3109.0,1731,3109.0,1097
23:21:03,SP-FUTURE,3109.0,1713,3109.0,1115
23:21:03,SP-FUTURE,3109.0,2218,3109.0,610
23:21:04,ESX-FUTURE,3078.0,2293,3078.0,667
23:21:05,ESX-FUTURE,3078.0,2608,3078.0,352
23:21:06,ESX-FUTURE,3080.0,2153,3080.0,807
23:21:07,SP-FUTURE,3106.0,1307,3106.0,1521
23:21:07,ESX-FUTURE,3079.0,1461,3080.0,1499
23:21:08,SP-FUTURE,3106.0,1091,3106.0,1737
23:21:08,SP-FUTURE,3105.0,1311,3106.0,1517
23:21:12,SP-FUTURE,3106.0,948,3106.0,1880
23:21:12,ESX-FUTURE,3078.0,2551,3079.0,409
23:21:14,SP-FUTURE,3105.0,1926,3106.0,902
23:21:14,ESX-FUTURE,3080.0,2905,3080.0,55
23:21:14,SP-FUTURE,3105.0,1008,3106.0,1820
23:21:15,ESX-FUTURE,3080.0,392,3080.0,2568
23:21:16,ESX-FUTURE,3080.0,832,3080.0,2128
23:21:17,SP-FUTURE,3107.0,1557,3107.0,1271
23:21:18,SP-FUTURE,3107.0,1734,3107.0,1094
23:21:18,ESX-FUTURE,3080.0,2547,3080.0,413
23:21:20,ESX-FUTURE,3080.0,1700,3080.0,1260
23:21:21,SP-FUTURE,3107.0,264,3107.0,2564
23:21:23,SP-FUTURE,3107.0,2148,3107.0,680
23:21:24,SP-FUTURE,3107.0,2560,3107.0,268
23:21:24,ESX-FUTURE,3081.0,239,3081.0,2721
23:21:25,SP-FUTURE,3107.0,802,3107.0,2026
23:21:26,ESX-FUTURE,3081.0,401,3081.0,2559
23:21:26,SP-FUTURE,3107.0,2676,3107.0,152
23:21:27,ESX-FUTURE,3080.0,2787,3080.0,173
23:21:27,SP-FUTURE,3107.0,1875,3107.0,953
23:21:28,ESX-FUTURE,3080.0,1669,3080.0,1291
23:21:29,ESX-FUTURE,3081.0,636,3081.0,2324
23:21:29,SP-FUTURE,3107.0,1051,3107.0,1777
23:21:30,ESX-FUTURE,3081.0,1100,3081.0,1860
23:21:30,SP-FUTURE,3107.0,1497,3107.0,1331
23:21:30,ESX-FUTURE,3081.0,176,3081.0,2784
23:21:31,ESX-FUTURE,3079.0,1389,3080.0,1571
23:21:31,SP-FUTURE,3107.0,2484,3107.0,344
23:21:32,SP-FUTURE,3107.0,1664,3107.0,1164
23:21:32,ESX-FUTURE,3079.0,1023,3080.0,1937
23:21:32,ESX-FUTURE,3079.0,2,3080.0,2958
23:21:33,SP-FUTURE,3107.0,1675,3107.0,1153
23:21:34,ESX-FUTURE,3079.0,51,3079.0,2909
23:21:35,SP-FUTURE,3107.0,1649,3107.0,1179
23:21:36,ESX-FUTURE,3079.0,1393,3079.0,1567
23:21:36,SP-FUTURE,3107.0,2743,3107.0,85
23:21:37,SP-FUTURE,3109.0,1657,3109.0,1171
23:21:38,ESX-FUTURE,3079.0,2877,3079.0,83
23:21:38,SP-FUTURE,3109.0,1535,3109.0,1293
23:21:38,SP-FUTURE,3109.0,1617,3109.0,1211
23:21:39,ESX-FUTURE,3078.0,2842,3078.0,118
23:21:40,ESX-FUTURE,3078.0,2587,3078.0,373
23:21:40,ESX-FUTURE,3079.0,540,3079.0,2420
23:21:40,SP-FUTURE,3109.0,1829,3109.0,999
23:21:40,ESX-FUTURE,3077.0,763,3077.0,2197
23:21:42,SP-FUTURE,3108.0,809,3109.0,2019
23:21:42,ESX-FUTURE,3078.0,938,3078.0,2022
23:21:42,SP-FUTURE,3108.0,2155,3108.0,673
23:21:42,SP-FUTURE,3108.0,1678,3108.0,1150
23:21:42,ESX-FUTURE,3077.0,2911,3078.0,49
23:21:43,SP-FUTURE,3108.0,1683,3108.0,1145
23:21:44,ESX-FUTURE,3077.0,2857,3078.0,103
23:21:44,ESX-FUTURE,3077.0,1979,3078.0,981
23:21:45,ESX-FUTURE,3077.0,1471,3078.0,1489
23:21:45,SP-FUTURE,3107.0,2028,3107.0,800
23:21:45,ESX-FUTURE,3077.0,2564,3077.0,396
23:21:46,SP-FUTURE,3107.0,1549,3107.0,1279
23:21:46,ESX-FUTURE,3077.0,2478,3077.0,482
23:21:47,SP-FUTURE,3107.0,1471,3107.0,1357
23:21:47,ESX-FUTURE,3077.0,1540,3077.0,1420
23:21:49,ESX-FUTURE,3075.0,2102,3075.0,858
23:21:50,SP-FUTURE,3107.0,1374,3107.0,1454
23:21:50,ESX-FUTURE,3075.0,2135,3075.0,825
23:21:51,SP-FUTURE,3106.0,2298,3107.0,530
23:21:52,SP-FUTURE,3107.0,399,3107.0,2429
23:21:53,ESX-FUTURE,3077.0,2380,3077.0,580
23:21:53,SP-FUTURE,3107.0,455,3107.0,2373
23:21:54,ESX-FUTURE,3077.0,2537,3077.0,423
23:21:55,SP-FUTURE,3107.0,575,3107.0,2253
23:21:56,ESX-FUTURE,3077.0,2602,3077.0,358
23:21:56,SP-FUTURE,3107.0,763,3107.0,2065
23:21:57,SP-FUTURE,3107.0,2242,3107.0,586
23:21:57,ESX-FUTURE,3077.0,2067,3078.0,893
23:21:58,SP-FUTURE,3107.0,2098,3107.0,730
23:21:59,SP-FUTURE,3107.0,1134,3108.0,1694
23:21:59,ESX-FUTURE,3078.0,64,3079.0,2896
23:22:00,SP-FUTURE,3107.0,2812,3108.0,16
23:22:00,SP-FUTURE,3107.0,2795,3108.0,33
23:22:01,ESX-FUTURE,3078.0,76,3079.0,2884
23:22:01,ESX-FUTURE,3078.0,2735,3078.0,225
23:22:02,SP-FUTURE,3108.0,519,3108.0,2309
23:22:02,ESX-FUTURE,3078.0,697,3079.0,2263
23:22:03,ESX-FUTURE,3078.0,2717,3078.0,243
23:22:03,ESX-FUTURE,3078.0,685,3079.0,2275
23:22:04,SP-FUTURE,3109.0,2775,3109.0,53
23:22:04,ESX-FUTURE,3078.0,810,3079.0,2150
23:22:05,SP-FUTURE,3111.0,288,3111.0,2540
23:22:05,SP-FUTURE,3111.0,1409,3112.0,1419
23:22:06,ESX-FUTURE,3078.0,2024,3078.0,936
23:22:06,ESX-FUTURE,3077.0,2433,3077.0,527
23:22:06,SP-FUTURE,3111.0,317,3112.0,2511
23:22:07,ESX-FUTURE,3077.0,575,3077.0,2385
23:22:07,ESX-FUTURE,3076.0,2948,3077.0,12
23:22:08,SP-FUTURE,3111.0,298,3112.0,2530
23:22:08,ESX-FUTURE,3076.0,1705,3077.0,1255
23:22:08,SP-FUTURE,3111.0,552,3112.0,2276
23:22:08,ESX-FUTURE,3076.0,1716,3077.0,1244
23:22:10,ESX-FUTURE,3076.0,740,3077.0,2220
23:22:10,SP-FUTURE,3112.0,654,3112.0,2174
23:22:10,ESX-FUTURE,3076.0,2385,3076.0,575
23:22:10,SP-FUTURE,3112.0,1180,3112.0,1648
23:22:11,SP-FUTURE,3112.0,1200,3112.0,1628
23:22:11,ESX-FUTURE,3077.0,569,3077.0,2391
23:22:11,ESX-FUTURE,3077.0,1179,3077.0,1781
23:22:12,SP-FUTURE,3113.0,308,3113.0,2520
23:22:13,SP-FUTURE,3113.0,2628,3113.0,200
23:22:13,ESX-FUTURE,3077.0,1108,3077.0,1852
23:22:13,SP-FUTURE,3113.0,774,3113.0,2054
23:22:14,ESX-FUTURE,3079.0,2258,3079.0,702
23:22:14,ESX-FUTURE,3080.0,478,3080.0,2482
23:22:14,SP-FUTURE,3113.0,68,3113.0,2760
23:22:15,ESX-FUTURE,3080.0,1137,3080.0,1823
23:22:15,SP-FUTURE,3113.0,787,3113.0,2041
23:22:16,ESX-FUTURE,3079.0,2727,3079.0,233
23:22:16,ESX-FUTURE,3080.0,2434,3080.0,526
23:22:17,ESX-FUTURE,3080.0,1301,3080.0,1659
23:22:17,SP-FUTURE,3113.0,1869,3114.0,959
23:22:18,SP-FUTURE,3113.0,2633,3114.0,195
23:22:18,ESX-FUTURE,3080.0,1305,3080.0,1655
23:22:18,SP-FUTURE,3114.0,2740,3114.0,88
23:22:19,ESX-FUTURE,3080.0,314,3080.0,2646
23:22:20,SP-FUTURE,3114.0,1227,3115.0,1601
23:22:20,ESX-FUTURE,3079.0,2034,3079.0,926
23:22:21,SP-FUTURE,3114.0,2043,3114.0,785
23:22:21,ESX-FUTURE,3079.0,2191,3079.0,769
23:22:22,SP-FUTURE,3114.0,1992,3114.0,836
23:22:22,SP-FUTURE,3115.0,2399,3115.0,429
23:22:23,SP-FUTURE,3115.0,36,3115.0,2792
23:22:23,ESX-FUTURE,3079.0,2185,3079.0,775
23:22:23,SP-FUTURE,3115.0,883,3116.0,1945
23:22:24,ESX-FUTURE,3079.0,783,3079.0,2177
23:22:25,ESX-FUTURE,3079.0,181,3079.0,2779
23:22:25,SP-FUTURE,3115.0,874,3116.0,1954
23:22:26,ESX-FUTURE,3079.0,1124,3079.0,1836
23:22:27,SP-FUTURE,3115.0,2225,3115.0,603
23:22:27,ESX-FUTURE,3079.0,1716,3079.0,1244
23:22:28,ESX-FUTURE,3079.0,1679,3079.0,1281
23:22:28,SP-FUTURE,3115.0,1883,3115.0,945
23:22:29,SP-FUTURE,3115.0,2793,3115.0,35
23:22:29,ESX-FUTURE,3079.0,794,3079.0,2166
23:22:30,SP-FUTURE,3115.0,2762,3116.0,66
23:22:30,ESX-FUTURE,3079.0,813,3079.0,2147
23:22:31,SP-FUTURE,3115.0,1128,3116.0,1700
23:22:31,ESX-FUTURE,3079.0,1125,3079.0,1835
23:22:32,SP-FUTURE,3116.0,22,3116.0,2806
23:22:33,ESX-FUTURE,3079.0,1577,3079.0,1383
23:22:34,SP-FUTURE,3116.0,2086,3116.0,742
23:22:34,SP-FUTURE,3116.0,2233,3116.0,595
23:22:35,ESX-FUTURE,3079.0,1254,3079.0,1706
23:22:36,SP-FUTURE,3116.0,512,3117.0,2316
23:22:37,ESX-FUTURE,3078.0,2529,3079.0,431
23:22:37,SP-FUTURE,3116.0,1736,3117.0,1092
23:22:38,ESX-FUTURE,3079.0,751,3079.0,2209
23:22:39,SP-FUTURE,3117.0,63,3117.0,2765
23:22:39,ESX-FUTURE,3079.0,590,3079.0,2370
23:22:40,SP-FUTURE,3117.0,344,3117.0,2484
23:22:40,ESX-FUTURE,3079.0,556,3079.0,2404
23:22:41,SP-FUTURE,3117.0,264,3117.0,2564
23:22:41,ESX-FUTURE,3080.0,667,3080.0,2293
23:22:42,ESX-FUTURE,3079.0,2907,3080.0,53
23:22:42,SP-FUTURE,3117.0,304,3117.0,2524
23:22:43,ESX-FUTURE,3079.0,2543,3080.0,417
23:22:44,ESX-FUTURE,3080.0,155,3080.0,2805
23:22:44,SP-FUTURE,3117.0,774,3117.0,2054
23:22:45,ESX-FUTURE,3079.0,2538,3080.0,422
23:22:45,ESX-FUTURE,3080.0,422,3080.0,2538
23:22:46,SP-FUTURE,3117.0,1837,3117.0,991
23:22:47,ESX-FUTURE,3080.0,659,3081.0,2301
23:22:47,SP-FUTURE,3117.0,1830,3117.0,998
23:22:48,SP-FUTURE,3119.0,669,3119.0,2159
23:22:48,ESX-FUTURE,3080.0,1285,3080.0,1675
23:22:49,SP-FUTURE,3119.0,581,3119.0,2247
23:22:49,ESX-FUTURE,3080.0,2848,3080.0,112
23:22:50,ESX-FUTURE,3080.0,7,3081.0,2953
23:22:50,ESX-FUTURE,3080.0,1103,3081.0,1857
23:22:50,SP-FUTURE,3119.0,2687,3119.0,141
23:22:51,SP-FUTURE,3119.0,1070,3119.0,1758
23:22:52,ESX-FUTURE,3080.0,600,3081.0,2360
23:22:53,SP-FUTURE,3119.0,1026,3119.0,1802
23:22:53,ESX-FUTURE,3081.0,1767,3081.0,1193
23:22:54,ESX-FUTURE,3081.0,1675,3081.0,1285
23:22:55,SP-FUTURE,3119.0,1424,3120.0,1404
23:22:55,SP-FUTURE,3120.0,251,3120.0,2577
23:22:56,ESX-FUTURE,3081.0,1396,3081.0,1564
23:22:56,ESX-FUTURE,3081.0,1199,3081.0,1761
23:22:56,SP-FUTURE,3119.0,1225,3119.0,1603
23:22:57,SP-FUTURE,3118.0,846,3119.0,1982
23:22:57,SP-FUTURE,3118.0,2743,3119.0,85
23:22:57,ESX-FUTURE,3081.0,1454,3081.0,1506
23:22:58,ESX-FUTURE,3081.0,1567,3081.0,1393
23:22:58,ESX-FUTURE,3081.0,1409,3081.0,1551
23:22:58,SP-FUTURE,3118.0,2808,3119.0,20
23:22:59,SP-FUTURE,3118.0,2103,3119.0,725
23:22:59,ESX-FUTURE,3081.0,1926,3081.0,1034
23:23:01,ESX-FUTURE,3080.0,1696,3080.0,1264
23:23:01,SP-FUTURE,3119.0,282,3119.0,2546
23:23:02,ESX-FUTURE,3080.0,877,3081.0,2083
23:23:02,SP-FUTURE,3121.0,145,3121.0,2683
23:23:02,ESX-FUTURE,3081.0,2067,3081.0,893
23:23:03,ESX-FUTURE,3081.0,2078,3081.0,882
23:23:04,SP-FUTURE,3120.0,991,3120.0,1837
23:23:04,ESX-FUTURE,3081.0,1776,3081.0,1184
23:23:05,SP-FUTURE,3119.0,2801,3120.0,27
23:23:05,SP-FUTURE,3120.0,1364,3120.0,1464
23:23:06,ESX-FUTURE,3081.0,555,3081.0,2405
23:23:06,ESX-FUTURE,3081.0,50,3081.0,2910
23:23:06,SP-FUTURE,3120.0,1359,3120.0,1469
23:23:07,SP-FUTURE,3120.0,1310,3120.0,1518
23:23:07,ESX-FUTURE,3080.0,1511,3080.0,1449
23:23:08,ESX-FUTURE,3080.0,1479,3080.0,1481
23:23:08,SP-FUTURE,3119.0,1473,3120.0,1355
23:23:08,ESX-FUTURE,3081.0,199,3082.0,2761
23:23:09,SP-FUTURE,3119.0,1422,3120.0,1406
23:23:09,ESX-FUTURE,3081.0,1083,3081.0,1877
23:23:10,SP-FUTURE,3119.0,309,3120.0,2519
23:23:10,SP-FUTURE,3119.0,730,3120.0,2098
23:23:10,ESX-FUTURE,3081.0,1323,3081.0,1637
23:23:11,SP-FUTURE,3120.0,2658,3121.0,170
23:23:11,ESX-FUTURE,3081.0,1356,3081.0,1604
23:23:12,SP-FUTURE,3122.0,731,3122.0,2097
23:23:13,ESX-FUTURE,3082.0,1167,3082.0,1793
23:23:13,SP-FUTURE,3121.0,2085,3121.0,743
23:23:14,SP-FUTURE,3121.0,2698,3121.0,130
23:23:14,ESX-FUTURE,3082.0,1188,3082.0,1772
23:23:14,SP-FUTURE,3121.0,555,3121.0,2273
23:23:14,ESX-FUTURE,3081.0,2725,3082.0,235
23:23:15,ESX-FUTURE,3081.0,1960,3082.0,1000
23:23:15,SP-FUTURE,3121.0,366,3121.0,2462
23:23:16,ESX-FUTURE,3081.0,1900,3082.0,1060
23:23:16,ESX-FUTURE,3081.0,2051,3082.0,909
23:23:17,ESX-FUTURE,3082.0,70,3082.0,2890
23:23:17,SP-FUTURE,3121.0,327,3121.0,2501
23:23:17,SP-FUTURE,3121.0,263,3121.0,2565
23:23:18,ESX-FUTURE,3082.0,1164,3082.0,1796
23:23:18,ESX-FUTURE,3082.0,1163,3082.0,1797
23:23:18,SP-FUTURE,3121.0,1796,3121.0,1032
23:23:19,ESX-FUTURE,3082.0,1149,3082.0,1811
23:23:20,SP-FUTURE,3121.0,844,3122.0,1984
23:23:20,ESX-FUTURE,3081.0,2142,3081.0,818
23:23:21,ESX-FUTURE,3081.0,2108,3081.0,852
23:23:21,SP-FUTURE,3122.0,15,3122.0,2813
23:23:21,SP-FUTURE,3122.0,322,3122.0,2506
23:23:22,ESX-FUTURE,3081.0,206,3081.0,2754
23:23:23,SP-FUTURE,3122.0,874,3122.0,1954
23:23:24,SP-FUTURE,3122.0,1411,3122.0,1417
23:23:24,ESX-FUTURE,3081.0,2519,3081.0,441
23:23:24,SP-FUTURE,3119.0,2184,3119.0,644
23:23:25,ESX-FUTURE,3081.0,725,3082.0,2235
23:23:26,ESX-FUTURE,3081.0,1827,3082.0,1133
23:23:26,SP-FUTURE,3119.0,34,3119.0,2794
23:23:27,ESX-FUTURE,3081.0,1914,3082.0,1046
23:23:27,SP-FUTURE,3119.0,2425,3119.0,403
23:23:28,ESX-FUTURE,3081.0,2204,3082.0,756
23:23:28,SP-FUTURE,3119.0,2816,3119.0,12
23:23:29,ESX-FUTURE,3081.0,2205,3082.0,755
23:23:29,SP-FUTURE,3118.0,328,3118.0,2500
23:23:29,ESX-FUTURE,3082.0,60,3082.0,2900
23:23:30,ESX-FUTURE,3082.0,1134,3082.0,1826
23:23:30,SP-FUTURE,3118.0,598,3118.0,2230
23:23:31,ESX-FUTURE,3082.0,1222,3083.0,1738
23:23:31,ESX-FUTURE,3082.0,1277,3083.0,1683
23:23:32,SP-FUTURE,3118.0,1649,3119.0,1179
23:23:32,SP-FUTURE,3119.0,22,3119.0,2806
23:23:32,SP-FUTURE,3118.0,1235,3119.0,1593
23:23:32,ESX-FUTURE,3082.0,1714,3082.0,1246
23:23:33,SP-FUTURE,3118.0,225,3118.0,2603
23:23:34,ESX-FUTURE,3086.0,1051,3086.0,1909
23:23:34,SP-FUTURE,3118.0,181,3118.0,2647
23:23:35,ESX-FUTURE,3086.0,1071,3086.0,1889
23:23:35,SP-FUTURE,3118.0,1102,3118.0,1726
23:23:35,ESX-FUTURE,3087.0,604,3087.0,2356
23:23:36,ESX-FUTURE,3088.0,1319,3088.0,1641
23:23:37,SP-FUTURE,3118.0,2173,3118.0,655
23:23:38,SP-FUTURE,3118.0,1499,3118.0,1329
23:23:38,ESX-FUTURE,3089.0,2527,3090.0,433
23:23:39,SP-FUTURE,3118.0,2233,3118.0,595
23:23:39,SP-FUTURE,3118.0,2427,3118.0,401
23:23:40,ESX-FUTURE,3090.0,668,3090.0,2292
23:23:40,ESX-FUTURE,3088.0,475,3088.0,2485
23:23:41,SP-FUTURE,3118.0,1481,3118.0,1347
23:23:41,SP-FUTURE,3118.0,1508,3118.0,1320
23:23:42,ESX-FUTURE,3087.0,1958,3087.0,1002
23:23:43,ESX-FUTURE,3087.0,1879,3087.0,1081
23:23:43,SP-FUTURE,3118.0,59,3119.0,2769
23:23:43,ESX-FUTURE,3087.0,2598,3087.0,362
23:23:44,SP-FUTURE,3118.0,1118,3119.0,1710
23:23:44,ESX-FUTURE,3087.0,1240,3087.0,1720
23:23:45,SP-FUTURE,3118.0,647,3119.0,2181
23:23:45,ESX-FUTURE,3087.0,1728,3087.0,1232
23:23:45,SP-FUTURE,3119.0,2391,3119.0,437
23:23:47,ESX-FUTURE,3087.0,889,3087.0,2071
23:23:47,ESX-FUTURE,3087.0,655,3087.0,2305
23:23:48,SP-FUTURE,3119.0,348,3119.0,2480
23:23:48,ESX-FUTURE,3087.0,528,3087.0,2432
23:23:49,ESX-FUTURE,3087.0,701,3087.0,2259
23:23:49,SP-FUTURE,3119.0,192,3119.0,2636
23:23:50,ESX-FUTURE,3087.0,663,3087.0,2297
23:23:50,SP-FUTURE,3118.0,1181,3119.0,1647
23:23:51,ESX-FUTURE,3087.0,2869,3088.0,91
23:23:51,SP-FUTURE,3118.0,1393,3119.0,1435
23:23:52,ESX-FUTURE,3087.0,2716,3087.0,244
23:23:52,SP-FUTURE,3118.0,1400,3119.0,1428
23:23:53,ESX-FUTURE,3087.0,787,3087.0,2173
23:23:54,ESX-FUTURE,3087.0,1161,3087.0,1799
23:23:54,SP-FUTURE,3120.0,1757,3121.0,1071
23:23:55,ESX-FUTURE,3087.0,1540,3087.0,1420
23:23:55,ESX-FUTURE,3087.0,727,3087.0,2233
23:23:56,SP-FUTURE,3120.0,2272,3120.0,556
23:23:56,ESX-FUTURE,3087.0,902,3087.0,2058
23:23:57,SP-FUTURE,3120.0,448,3120.0,2380
23:23:57,ESX-FUTURE,3087.0,1981,3087.0,979
23:23:58,SP-FUTURE,3120.0,764,3120.0,2064
23:23:58,ESX-FUTURE,3086.0,929,3087.0,2031
23:23:58,SP-FUTURE,3120.0,837,3121.0,1991
23:23:59,ESX-FUTURE,3089.0,677,3089.0,2283
23:24:00,ESX-FUTURE,3088.0,449,3089.0,2511
23:24:00,SP-FUTURE,3124.0,1982,3124.0,846
23:24:00,SP-FUTURE,3124.0,2112,3124.0,716
23:24:01,SP-FUTURE,3124.0,1677,3124.0,1151
23:24:01,ESX-FUTURE,3088.0,222,3089.0,2738
23:24:02,SP-FUTURE,3124.0,2165,3124.0,663
23:24:02,ESX-FUTURE,3088.0,2613,3088.0,347
23:24:02,SP-FUTURE,3124.0,2759,3124.0,69
23:24:03,ESX-FUTURE,3088.0,2560,3088.0,400
23:24:03,SP-FUTURE,3124.0,246,3124.0,2582
23:24:04,ESX-FUTURE,3089.0,1137,3089.0,1823
23:24:04,SP-FUTURE,3124.0,1911,3124.0,917
23:24:05,SP-FUTURE,3124.0,893,3124.0,1935
23:24:05,ESX-FUTURE,3089.0,1446,3089.0,1514
23:24:06,SP-FUTURE,3124.0,908,3124.0,1920
23:24:06,ESX-FUTURE,3089.0,2667,3089.0,293
23:24:07,SP-FUTURE,3124.0,1489,3124.0,1339
23:24:07,SP-FUTURE,3124.0,1490,3124.0,1338
23:24:08,ESX-FUTURE,3088.0,92,3089.0,2868
23:24:08,SP-FUTURE,3124.0,1745,3124.0,1083
23:24:09,ESX-FUTURE,3088.0,2218,3088.0,742
23:24:09,SP-FUTURE,3124.0,1277,3124.0,1551
23:24:10,SP-FUTURE,3124.0,1192,3124.0,1636
23:24:10,ESX-FUTURE,3089.0,2221,3089.0,739
23:24:10,SP-FUTURE,3124.0,1204,3124.0,1624
23:24:11,ESX-FUTURE,3089.0,2073,3089.0,887
23:24:11,ESX-FUTURE,3088.0,951,3089.0,2009
23:24:11,SP-FUTURE,3124.0,1904,3125.0,924
23:24:12,ESX-FUTURE,3089.0,607,3089.0,2353
23:24:13,SP-FUTURE,3124.0,1833,3125.0,995
23:24:14,ESX-FUTURE,3089.0,1562,3089.0,1398
23:24:14,SP-FUTURE,3124.0,1823,3125.0,1005
23:24:14,ESX-FUTURE,3088.0,2493,3089.0,467
23:24:16,ESX-FUTURE,3088.0,1025,3089.0,1935
23:24:16,SP-FUTURE,3126.0,23,3126.0,2805
23:24:16,ESX-FUTURE,3088.0,1008,3089.0,1952
23:24:17,SP-FUTURE,3126.0,2038,3126.0,790
23:24:18,SP-FUTURE,3126.0,2055,3126.0,773
23:24:18,ESX-FUTURE,3088.0,1254,3089.0,1706
23:24:19,SP-FUTURE,3126.0,1604,3126.0,1224
23:24:19,ESX-FUTURE,3088.0,1657,3089.0,1303
23:24:20,ESX-FUTURE,3089.0,726,3089.0,2234
23:24:20,ESX-FUTURE,3088.0,2023,3089.0,937
23:24:21,SP-FUTURE,3126.0,2145,3126.0,683
23:24:21,ESX-FUTURE,3088.0,2770,3089.0,190
23:24:22,SP-FUTURE,3126.0,106,3126.0,2722
23:24:22,ESX-FUTURE,3088.0,2679,3089.0,281
23:24:23,SP-FUTURE,3126.0,278,3126.0,2550
23:24:24,ESX-FUTURE,3088.0,1800,3089.0,1160
23:24:24,SP-FUTURE,3125.0,2778,3126.0,50
23:24:25,SP-FUTURE,3123.0,2369,3124.0,459
23:24:25,ESX-FUTURE,3088.0,553,3089.0,2407
23:24:26,SP-FUTURE,3124.0,430,3124.0,2398
23:24:26,SP-FUTURE,3123.0,1460,3124.0,1368
23:24:26,ESX-FUTURE,3088.0,549,3089.0,2411
23:24:27,SP-FUTURE,3123.0,2644,3124.0,184
23:24:28,ESX-FUTURE,3088.0,756,3089.0,2204
23:24:29,SP-FUTURE,3123.0,1841,3123.0,987
23:24:29,ESX-FUTURE,3088.0,1552,3089.0,1408
23:24:29,ESX-FUTURE,3088.0,1176,3089.0,1784
23:24:30,SP-FUTURE,3123.0,1129,3123.0,1699
23:24:30,ESX-FUTURE,3088.0,483,3089.0,2477
23:24:31,ESX-FUTURE,3088.0,2121,3088.0,839
23:24:31,SP-FUTURE,3123.0,1008,3123.0,1820
23:24:32,ESX-FUTURE,3089.0,1638,3089.0,1322
23:24:32,SP-FUTURE,3123.0,1047,3123.0,1781
23:24:33,ESX-FUTURE,3089.0,658,3089.0,2302
23:24:33,ESX-FUTURE,3089.0,415,3090.0,2545
23:24:34,SP-FUTURE,3123.0,519,3124.0,2309
23:24:35,ESX-FUTURE,3089.0,1522,3090.0,1438
23:24:35,SP-FUTURE,3123.0,2381,3123.0,447
23:24:35,ESX-FUTURE,3089.0,2817,3090.0,143
23:24:36,SP-FUTURE,3123.0,2476,3123.0,352
23:24:36,ESX-FUTURE,3089.0,2838,3090.0,122
23:24:37,SP-FUTURE,3123.0,10,3124.0,2818
23:24:38,SP-FUTURE,3123.0,66,3124.0,2762
23:24:38,ESX-FUTURE,3089.0,2793,3090.0,167
23:24:39,ESX-FUTURE,3089.0,2832,3090.0,128
23:24:39,SP-FUTURE,3123.0,2828,3123.0,2
23:24:40,ESX-FUTURE,3089.0,2828,3090.0,132
23:24:40,SP-FUTURE,3123.0,2794,3123.0,36
23:24:40,ESX-FUTURE,3089.0,2833,3090.0,127
23:24:42,ESX-FUTURE,3089.0,2808,3090.0,152
23:24:42,SP-FUTURE,3123.0,2772,3123.0,58
23:24:42,SP-FUTURE,3120.0,2075,3120.0,755
23:24:43,ESX-FUTURE,3090.0,518,3090.0,2442
23:24:43,SP-FUTURE,3120.0,2074,3120.0,756
23:24:44,SP-FUTURE,3120.0,1840,3120.0,990
23:24:44,ESX-FUTURE,3090.0,1581,3090.0,1379
23:24:45,ESX-FUTURE,3090.0,1155,3090.0,1805
23:24:46,SP-FUTURE,3120.0,549,3121.0,2281
23:24:47,ESX-FUTURE,3090.0,1092,3090.0,1868
23:24:47,SP-FUTURE,3120.0,1215,3121.0,1615
23:24:47,ESX-FUTURE,3090.0,666,3090.0,2294
23:24:48,ESX-FUTURE,3090.0,686,3090.0,2274
23:24:48,SP-FUTURE,3120.0,634,3121.0,2196
23:24:49,ESX-FUTURE,3090.0,1773,3090.0,1187
23:24:50,ESX-FUTURE,3090.0,768,3090.0,2192
23:24:50,SP-FUTURE,3120.0,1394,3121.0,1436
23:24:51,SP-FUTURE,3120.0,1738,3121.0,1092
23:24:52,ESX-FUTURE,3090.0,175,3090.0,2785
23:24:53,SP-FUTURE,3120.0,1471,3121.0,1359
23:24:53,ESX-FUTURE,3089.0,2288,3090.0,672
23:24:53,SP-FUTURE,3120.0,582,3121.0,2248
23:24:53,SP-FUTURE,3121.0,1092,3121.0,1738
23:24:54,ESX-FUTURE,3089.0,2481,3089.0,479
23:24:55,SP-FUTURE,3121.0,758,3121.0,2072
23:24:56,ESX-FUTURE,3089.0,2519,3089.0,441
23:24:56,SP-FUTURE,3120.0,2813,3121.0,17
23:24:57,ESX-FUTURE,3089.0,2448,3089.0,512
23:24:57,SP-FUTURE,3120.0,1150,3121.0,1680
23:24:58,ESX-FUTURE,3088.0,1414,3088.0,1546
23:24:58,SP-FUTURE,3121.0,263,3121.0,2567
23:24:59,SP-FUTURE,3120.0,600,3121.0,2230
23:24:59,ESX-FUTURE,3088.0,1399,3088.0,1561
23:24:59,SP-FUTURE,3120.0,1137,3120.0,1693
23:25:00,ESX-FUTURE,3088.0,2874,3088.0,86
23:25:01,SP-FUTURE,3120.0,1701,3120.0,1129
23:25:01,ESX-FUTURE,3088.0,1751,3089.0,1209
23:25:01,SP-FUTURE,3120.0,448,3120.0,2382
23:25:02,ESX-FUTURE,3089.0,1607,3089.0,1353
23:25:02,ESX-FUTURE,3089.0,1798,3089.0,1162
23:25:03,SP-FUTURE,3120.0,2544,3120.0,286
23:25:03,ESX-FUTURE,3089.0,2093,3089.0,867
23:25:03,ESX-FUTURE,3089.0,2188,3089.0,772
23:25:04,SP-FUTURE,3118.0,1556,3119.0,1274
23:25:04,SP-FUTURE,3118.0,2552,3119.0,278
23:25:04,ESX-FUTURE,3089.0,2507,3089.0,453
23:25:05,ESX-FUTURE,3089.0,1463,3089.0,1497
23:25:05,SP-FUTURE,3118.0,2634,3119.0,196
23:25:06,SP-FUTURE,3119.0,1369,3119.0,1461
23:25:06,ESX-FUTURE,3088.0,575,3089.0,2385
23:25:07,ESX-FUTURE,3088.0,2411,3088.0,549
23:25:08,ESX-FUTURE,3088.0,432,3089.0,2528
23:25:08,SP-FUTURE,3119.0,2454,3119.0,376
23:25:09,SP-FUTURE,3119.0,1333,3119.0,1497
23:25:09,SP-FUTURE,3122.0,31,3122.0,2799
23:25:10,ESX-FUTURE,3088.0,419,3089.0,2541
23:25:10,SP-FUTURE,3122.0,2549,3122.0,281
23:25:11,ESX-FUTURE,3088.0,673,3089.0,2287
23:25:11,SP-FUTURE,3122.0,2534,3122.0,296
23:25:12,ESX-FUTURE,3088.0,217,3089.0,2743
23:25:12,ESX-FUTURE,3088.0,768,3089.0,2192
23:25:13,SP-FUTURE,3122.0,24,3123.0,2806
23:25:14,ESX-FUTURE,3088.0,762,3089.0,2198
23:25:15,ESX-FUTURE,3088.0,776,3089.0,2184
23:25:15,SP-FUTURE,3122.0,2678,3122.0,152
23:25:15,SP-FUTURE,3124.0,2374,3124.0,456
23:25:16,ESX-FUTURE,3088.0,1588,3089.0,1372
23:25:16,SP-FUTURE,3123.0,2821,3124.0,9
23:25:17,SP-FUTURE,3124.0,1054,3124.0,1776
23:25:17,ESX-FUTURE,3089.0,527,3089.0,2433
23:25:17,ESX-FUTURE,3089.0,389,3089.0,2571
23:25:18,SP-FUTURE,3124.0,2592,3125.0,238
23:25:18,ESX-FUTURE,3089.0,2936,3089.0,24
23:25:19,ESX-FUTURE,3085.0,937,3086.0,2023
23:25:19,SP-FUTURE,3124.0,2637,3125.0,193
23:25:20,ESX-FUTURE,3085.0,1127,3086.0,1833
23:25:21,SP-FUTURE,3125.0,1648,3125.0,1182
23:25:21,SP-FUTURE,3125.0,1647,3125.0,1183
23:25:22,ESX-FUTURE,3085.0,1270,3086.0,1690
23:25:22,SP-FUTURE,3125.0,2605,3126.0,225
23:25:22,ESX-FUTURE,3085.0,939,3086.0,2021
23:25:23,ESX-FUTURE,3085.0,1159,3086.0,1801
23:25:24,SP-FUTURE,3125.0,804,3126.0,2026
23:25:25,ESX-FUTURE,3085.0,195,3085.0,2765
23:25:25,SP-FUTURE,3125.0,1781,3126.0,1049
23:25:26,ESX-FUTURE,3085.0,2161,3085.0,799
23:25:26,ESX-FUTURE,3085.0,2152,3085.0,808
23:25:26,ESX-FUTURE,3085.0,986,3085.0,1974
23:25:27,SP-FUTURE,3125.0,2143,3125.0,687
23:25:27,ESX-FUTURE,3084.0,1249,3085.0,1711
23:25:28,SP-FUTURE,3125.0,745,3125.0,2085
23:25:28,ESX-FUTURE,3084.0,1682,3085.0,1278
23:25:28,ESX-FUTURE,3084.0,1564,3085.0,1396
23:25:28,ESX-FUTURE,3084.0,2722,3084.0,238
23:25:29,SP-FUTURE,3123.0,348,3124.0,2482
23:25:30,ESX-FUTURE,3084.0,1696,3084.0,1264
23:25:30,ESX-FUTURE,3084.0,2012,3084.0,948
23:25:30,SP-FUTURE,3123.0,1440,3123.0,1390
23:25:31,ESX-FUTURE,3084.0,1659,3084.0,1301
23:25:32,SP-FUTURE,3123.0,2410,3123.0,420
23:25:32,SP-FUTURE,3122.0,777,3122.0,2053
23:25:32,ESX-FUTURE,3083.0,2347,3084.0,613
23:25:33,ESX-FUTURE,3084.0,1660,3084.0,1300
23:25:33,SP-FUTURE,3121.0,2387,3121.0,443
23:25:34,SP-FUTURE,3121.0,2555,3121.0,275
23:25:35,SP-FUTURE,3121.0,2353,3122.0,477
23:25:35,SP-FUTURE,3121.0,557,3121.0,2273
23:25:35,ESX-FUTURE,3084.0,1656,3084.0,1304
23:25:35,ESX-FUTURE,3085.0,1484,3086.0,1476
23:25:36,SP-FUTURE,3121.0,604,3122.0,2226
23:25:37,ESX-FUTURE,3085.0,2509,3085.0,451
23:25:38,SP-FUTURE,3121.0,649,3122.0,2181
23:25:38,SP-FUTURE,3121.0,1856,3121.0,974
23:25:39,ESX-FUTURE,3085.0,1391,3085.0,1569
23:25:40,ESX-FUTURE,3085.0,1018,3085.0,1942
23:25:40,ESX-FUTURE,3084.0,2422,3084.0,538
23:25:41,SP-FUTURE,3121.0,2381,3121.0,449
23:25:41,ESX-FUTURE,3084.0,2562,3085.0,398
23:25:41,SP-FUTURE,3121.0,2407,3121.0,423
23:25:42,SP-FUTURE,3121.0,2386,3121.0,444
23:25:42,ESX-FUTURE,3085.0,1916,3085.0,1044
23:25:43,SP-FUTURE,3121.0,2676,3121.0,154
23:25:44,ESX-FUTURE,3085.0,1766,3085.0,1194
23:25:44,SP-FUTURE,3122.0,1725,3122.0,1105
23:25:45,ESX-FUTURE,3084.0,347,3085.0,2613
23:25:45,ESX-FUTURE,3084.0,1580,3084.0,1380
23:25:46,SP-FUTURE,3122.0,2756,3122.0,74
23:25:47,ESX-FUTURE,3084.0,1787,3084.0,1173
23:25:47,SP-FUTURE,3122.0,2647,3122.0,183
23:25:47,ESX-FUTURE,3084.0,1797,3084.0,1163
23:25:47,SP-FUTURE,3122.0,1348,3122.0,1482
23:25:48,ESX-FUTURE,3085.0,2155,3085.0,805
23:25:49,SP-FUTURE,3121.0,2730,3121.0,100
23:25:49,ESX-FUTURE,3085.0,2208,3085.0,752
23:25:50,ESX-FUTURE,3085.0,2224,3085.0,736
23:25:50,SP-FUTURE,3121.0,1143,3121.0,1687
23:25:51,SP-FUTURE,3121.0,949,3121.0,1881
23:25:52,ESX-FUTURE,3085.0,2837,3085.0,123
23:25:52,SP-FUTURE,3121.0,1030,3121.0,1800
23:25:53,ESX-FUTURE,3086.0,2395,3086.0,565
23:25:53,SP-FUTURE,3117.0,2469,3118.0,361
23:25:54,SP-FUTURE,3117.0,1532,3118.0,1298
23:25:55,SP-FUTURE,3116.0,1436,3116.0,1394
23:25:56,ESX-FUTURE,3086.0,563,3086.0,2397
23:25:57,SP-FUTURE,3116.0,1122,3116.0,1708
23:25:57,ESX-FUTURE,3086.0,544,3086.0,2416
23:25:58,SP-FUTURE,3116.0,1673,3117.0,1157
23:25:58,ESX-FUTURE,3086.0,2269,3086.0,691
23:25:58,SP-FUTURE,3116.0,2016,3117.0,814
23:25:59,ESX-FUTURE,3086.0,1655,3086.0,1305
23:25:59,ESX-FUTURE,3086.0,2108,3086.0,852
23:25:59,SP-FUTURE,3116.0,325,3116.0,2505
23:26:00,SP-FUTURE,3116.0,2168,3116.0,662
23:26:01,ESX-FUTURE,3086.0,2479,3086.0,481
23:26:01,SP-FUTURE,3116.0,1807,3116.0,1023
23:26:01,ESX-FUTURE,3086.0,2526,3086.0,434
23:26:02,ESX-FUTURE,3086.0,2410,3086.0,550
23:26:03,SP-FUTURE,3116.0,2039,3116.0,791
23:26:03,SP-FUTURE,3116.0,2651,3116.0,179
23:26:04,ESX-FUTURE,3086.0,2436,3086.0,524
23:26:04,SP-FUTURE,3116.0,1650,3116.0,1180
23:26:05,SP-FUTURE,3116.0,634,3116.0,2196
23:26:06,ESX-FUTURE,3086.0,830,3086.0,2130
23:26:07,SP-FUTURE,3116.0,805,3116.0,2025
23:26:07,ESX-FUTURE,3087.0,826,3087.0,2134
23:26:08,SP-FUTURE,3116.0,773,3116.0,2057
23:26:09,SP-FUTURE,3116.0,1054,3116.0,1776
23:26:09,ESX-FUTURE,3088.0,608,3088.0,2352
23:26:10,SP-FUTURE,3119.0,1503,3119.0,1327
23:26:10,ESX-FUTURE,3088.0,935,3088.0,2025
23:26:11,ESX-FUTURE,3088.0,926,3088.0,2034
23:26:12,SP-FUTURE,3119.0,1193,3119.0,1637
23:26:12,SP-FUTURE,3119.0,467,3120.0,2363
23:26:14,ESX-FUTURE,3088.0,555,3088.0,2405
23:26:14,SP-FUTURE,3120.0,1854,3120.0,976
23:26:14,ESX-FUTURE,3088.0,243,3088.0,2717
23:26:14,ESX-FUTURE,3088.0,515,3088.0,2445
23:26:15,ESX-FUTURE,3088.0,2686,3088.0,274
23:26:15,SP-FUTURE,3120.0,1229,3120.0,1601
23:26:16,ESX-FUTURE,3088.0,1314,3088.0,1646
23:26:16,SP-FUTURE,3118.0,1004,3119.0,1826
23:26:16,ESX-FUTURE,3089.0,2719,3089.0,241
23:26:17,ESX-FUTURE,3089.0,1398,3089.0,1562
23:26:17,SP-FUTURE,3117.0,2522,3118.0,308
23:26:18,SP-FUTURE,3118.0,1771,3118.0,1059
23:26:18,ESX-FUTURE,3089.0,287,3089.0,2673
23:26:19,SP-FUTURE,3119.0,456,3120.0,2374
23:26:19,ESX-FUTURE,3089.0,175,3089.0,2785
23:26:19,SP-FUTURE,3119.0,447,3120.0,2383
23:26:20,ESX-FUTURE,3089.0,2666,3089.0,294
23:26:20,ESX-FUTURE,3089.0,2756,3089.0,204
23:26:20,SP-FUTURE,3119.0,671,3120.0,2159
23:26:21,ESX-FUTURE,3089.0,2297,3089.0,663
23:26:21,ESX-FUTURE,3089.0,1224,3089.0,1736
23:26:21,SP-FUTURE,3118.0,1898,3118.0,932
23:26:23,ESX-FUTURE,3089.0,1288,3089.0,1672
23:26:23,SP-FUTURE,3118.0,71,3118.0,2759
23:26:24,SP-FUTURE,3117.0,469,3118.0,2361
23:26:24,SP-FUTURE,3117.0,1420,3117.0,1410
23:26:24,SP-FUTURE,3117.0,2167,3117.0,663
23:26:25,ESX-FUTURE,3089.0,940,3090.0,2020
23:26:25,SP-FUTURE,3116.0,616,3117.0,2214
23:26:26,ESX-FUTURE,3089.0,963,3090.0,1997
23:26:27,ESX-FUTURE,3089.0,21,3090.0,2939
23:26:27,SP-FUTURE,3118.0,2443,3118.0,387
23:26:27,ESX-FUTURE,3089.0,1095,3089.0,1865
23:26:28,SP-FUTURE,3120.0,1283,3120.0,1547
23:26:28,ESX-FUTURE,3088.0,2516,3089.0,444
23:26:29,SP-FUTURE,3119.0,2490,3120.0,340
23:26:29,ESX-FUTURE,3089.0,169,3089.0,2791
23:26:30,ESX-FUTURE,3088.0,2253,3089.0,707
23:26:30,SP-FUTURE,3119.0,8,3119.0,2822
23:26:30,ESX-FUTURE,3088.0,2253,3089.0,707
23:26:31,ESX-FUTURE,3088.0,2253,3089.0,707
23:26:32,SP-FUTURE,3119.0,570,3119.0,2260
23:26:32,SP-FUTURE,3118.0,2721,3119.0,109
23:26:32,ESX-FUTURE,3088.0,2312,3089.0,648
23:26:34,SP-FUTURE,3118.0,2496,3119.0,334
23:26:34,ESX-FUTURE,3088.0,2379,3089.0,581
23:26:35,SP-FUTURE,3119.0,797,3119.0,2033
23:26:36,ESX-FUTURE,3088.0,2208,3089.0,752
23:26:36,SP-FUTURE,3118.0,1720,3118.0,1110
23:26:36,ESX-FUTURE,3088.0,1462,3088.0,1498
23:26:37,ESX-FUTURE,3088.0,446,3089.0,2514
23:26:37,SP-FUTURE,3118.0,960,3118.0,1870
23:26:37,SP-FUTURE,3118.0,1310,3118.0,1520
23:26:38,ESX-FUTURE,3090.0,13,3090.0,2947
23:26:40,SP-FUTURE,3118.0,1307,3118.0,1523
23:26:40,ESX-FUTURE,3090.0,1066,3090.0,1894
23:26:40,SP-FUTURE,3120.0,715,3121.0,2115
23:26:40,SP-FUTURE,3120.0,698,3121.0,2132
23:26:41,SP-FUTURE,3120.0,2606,3120.0,224
23:26:41,ESX-FUTURE,3090.0,1037,3090.0,1923
23:26:42,ESX-FUTURE,3089.0,611,3090.0,2349
23:26:42,SP-FUTURE,3120.0,2185,3120.0,645
23:26:43,ESX-FUTURE,3090.0,95,3090.0,2865
23:26:43,SP-FUTURE,3120.0,2173,3120.0,657
23:26:43,ESX-FUTURE,3090.0,495,3090.0,2465
23:26:44,SP-FUTURE,3120.0,1620,3121.0,1210
23:26:45,ESX-FUTURE,3090.0,499,3090.0,2461
23:26:45,SP-FUTURE,3120.0,2295,3121.0,535
23:26:46,ESX-FUTURE,3090.0,1957,3090.0,1003
23:26:46,SP-FUTURE,3118.0,1637,3118.0,1193
23:26:47,SP-FUTURE,3118.0,320,3119.0,2510
23:26:47,ESX-FUTURE,3090.0,140,3090.0,2820
23:26:48,ESX-FUTURE,3090.0,120,3090.0,2840
23:26:48,SP-FUTURE,3118.0,606,3119.0,2224
23:26:49,ESX-FUTURE,3090.0,2938,3090.0,22
23:26:49,SP-FUTURE,3118.0,539,3119.0,2291
23:26:51,ESX-FUTURE,3090.0,11,3090.0,2949
23:26:51,SP-FUTURE,3118.0,538,3119.0,2292
23:26:52,ESX-FUTURE,3090.0,340,3090.0,2620
23:26:52,SP-FUTURE,3118.0,2807,3118.0,23
23:26:53,SP-FUTURE,3118.0,2795,3118.0,35
23:26:53,ESX-FUTURE,3090.0,272,3090.0,2688
23:26:54,SP-FUTURE,3118.0,1647,3119.0,1183
23:26:54,ESX-FUTURE,3090.0,1355,3090.0,1605
23:26:55,SP-FUTURE,3119.0,483,3119.0,2347
23:26:56,SP-FUTURE,3119.0,1151,3119.0,1679
23:26:56,ESX-FUTURE,3090.0,1265,3090.0,1695
23:26:57,SP-FUTURE,3119.0,2441,3119.0,389
23:26:58,ESX-FUTURE,3090.0,1257,3090.0,1703
23:26:58,SP-FUTURE,3119.0,1483,3120.0,1347
23:26:58,ESX-FUTURE,3090.0,1550,3090.0,1410
23:26:59,ESX-FUTURE,3090.0,2723,3091.0,237
23:26:59,SP-FUTURE,3119.0,937,3119.0,1893
23:27:00,ESX-FUTURE,3090.0,2483,3091.0,477
23:27:00,SP-FUTURE,3119.0,1335,3119.0,1495
23:27:01,ESX-FUTURE,3090.0,1596,3091.0,1364
23:27:02,SP-FUTURE,3119.0,1792,3119.0,1038
23:27:02,ESX-FUTURE,3090.0,2397,3091.0,563
23:27:03,ESX-FUTURE,3091.0,2052,3091.0,908
23:27:03,SP-FUTURE,3118.0,1512,3118.0,1318
23:27:04,ESX-FUTURE,3090.0,1152,3091.0,1808
23:27:05,SP-FUTURE,3119.0,487,3119.0,2343
23:27:05,SP-FUTURE,3118.0,32,3119.0,2798
23:27:05,ESX-FUTURE,3090.0,1135,3091.0,1825
23:27:06,ESX-FUTURE,3090.0,1125,3091.0,1835
23:27:06,SP-FUTURE,3118.0,1035,3119.0,1795
23:27:07,ESX-FUTURE,3090.0,863,3091.0,2097
23:27:08,SP-FUTURE,3118.0,663,3119.0,2167
23:27:09,SP-FUTURE,3118.0,2013,3118.0,817
23:27:09,ESX-FUTURE,3088.0,650,3088.0,2310
23:27:10,SP-FUTURE,3118.0,379,3119.0,2451
23:27:11,SP-FUTURE,3119.0,249,3119.0,2581
23:27:11,ESX-FUTURE,3088.0,570,3088.0,2390
23:27:12,ESX-FUTURE,3088.0,188,3088.0,2772
23:27:12,SP-FUTURE,3119.0,2110,3119.0,720
23:27:13,SP-FUTURE,3119.0,2737,3119.0,93
23:27:13,SP-FUTURE,3119.0,1074,3119.0,1756
23:27:13,ESX-FUTURE,3088.0,946,3088.0,2014
23:27:14,SP-FUTURE,3119.0,1505,3119.0,1325
23:27:15,SP-FUTURE,3119.0,1330,3119.0,1500
23:27:15,SP-FUTURE,3118.0,1042,3118.0,1788
23:27:16,ESX-FUTURE,3088.0,2679,3088.0,281
23:27:16,SP-FUTURE,3116.0,1100,3116.0,1730
23:27:17,ESX-FUTURE,3088.0,1758,3088.0,1202
23:27:17,SP-FUTURE,3115.0,2705,3115.0,125
23:27:18,SP-FUTURE,3115.0,612,3116.0,2218
23:27:18,ESX-FUTURE,3088.0,1806,3088.0,1154
23:27:19,SP-FUTURE,3116.0,1614,3116.0,1216
23:27:19,SP-FUTURE,3116.0,283,3116.0,2547
23:27:20,ESX-FUTURE,3088.0,915,3088.0,2045
23:27:20,SP-FUTURE,3115.0,1718,3116.0,1112
23:27:20,ESX-FUTURE,3087.0,2765,3087.0,195
23:27:21,SP-FUTURE,3115.0,762,3116.0,2068
23:27:22,SP-FUTURE,3115.0,2567,3115.0,263
23:27:22,ESX-FUTURE,3087.0,2887,3087.0,73
23:27:23,SP-FUTURE,3115.0,2222,3115.0,608
23:27:24,ESX-FUTURE,3087.0,1148,3087.0,1812
23:27:25,ESX-FUTURE,3087.0,93,3087.0,2867
23:27:25,SP-FUTURE,3115.0,2031,3115.0,799
23:27:26,ESX-FUTURE,3087.0,440,3087.0,2520
23:27:26,SP-FUTURE,3115.0,1323,3115.0,1507
23:27:26,SP-FUTURE,3116.0,2737,3116.0,93
23:27:27,ESX-FUTURE,3087.0,499,3087.0,2461
23:27:27,SP-FUTURE,3116.0,1806,3116.0,1024
23:27:28,ESX-FUTURE,3087.0,520,3087.0,2440
23:27:28,SP-FUTURE,3116.0,1855,3116.0,975
23:27:29,SP-FUTURE,3116.0,977,3116.0,1853
23:27:29,ESX-FUTURE,3087.0,2765,3087.0,195
23:27:30,SP-FUTURE,3116.0,942,3116.0,1888
23:27:30,ESX-FUTURE,3087.0,2770,3087.0,190
23:27:30,ESX-FUTURE,3087.0,485,3088.0,2475
23:27:31,ESX-FUTURE,3087.0,2585,3087.0,375
23:27:31,SP-FUTURE,3116.0,145,3116.0,2685
23:27:32,SP-FUTURE,3116.0,570,3116.0,2260
23:27:32,ESX-FUTURE,3087.0,2353,3087.0,607
23:27:34,ESX-FUTURE,3087.0,2130,3087.0,830
23:27:34,SP-FUTURE,3113.0,1760,3114.0,1070
23:27:34,SP-FUTURE,3113.0,2258,3114.0,572
23:27:34,ESX-FUTURE,3087.0,2456,3087.0,504
23:27:35,SP-FUTURE,3114.0,1442,3114.0,1388
23:27:35,ESX-FUTURE,3088.0,293,3088.0,2667
23:27:35,ESX-FUTURE,3088.0,2783,3089.0,177
23:27:36,SP-FUTURE,3114.0,1515,3114.0,1315
23:27:37,SP-FUTURE,3114.0,1675,3114.0,1155
23:27:37,ESX-FUTURE,3088.0,2940,3088.0,20
23:27:38,ESX-FUTURE,3088.0,1402,3088.0,1558
23:27:39,ESX-FUTURE,3088.0,287,3088.0,2673
23:27:39,SP-FUTURE,3114.0,1242,3114.0,1588
23:27:40,SP-FUTURE,3114.0,942,3114.0,1888
23:27:40,ESX-FUTURE,3088.0,459,3088.0,2501
23:27:40,ESX-FUTURE,3088.0,203,3088.0,2757
23:27:41,SP-FUTURE,3114.0,619,3114.0,2211
23:27:42,SP-FUTURE,3114.0,244,3114.0,2586
23:27:42,ESX-FUTURE,3088.0,2771,3088.0,189
23:27:43,SP-FUTURE,3114.0,278,3114.0,2552
23:27:43,ESX-FUTURE,3088.0,171,3088.0,2789
23:27:44,ESX-FUTURE,3088.0,882,3088.0,2078
23:27:44,SP-FUTURE,3113.0,2646,3114.0,184
23:27:44,ESX-FUTURE,3091.0,1906,3092.0,1054
23:27:45,SP-FUTURE,3114.0,3,3114.0,2827
23:27:45,ESX-FUTURE,3091.0,1906,3092.0,1054
23:27:46,ESX-FUTURE,3091.0,1906,3092.0,1054
23:27:46,SP-FUTURE,3114.0,2557,3114.0,273
23:27:47,SP-FUTURE,3114.0,2546,3114.0,284
23:27:47,ESX-FUTURE,3091.0,2041,3092.0,919
23:27:48,ESX-FUTURE,3091.0,2012,3092.0,948
23:27:49,SP-FUTURE,3114.0,1625,3114.0,1205
23:27:49,ESX-FUTURE,3091.0,1463,3092.0,1497
23:27:49,SP-FUTURE,3114.0,2108,3114.0,722
23:27:50,SP-FUTURE,3113.0,2199,3113.0,631
23:27:50,ESX-FUTURE,3091.0,1515,3092.0,1445
23:27:51,ESX-FUTURE,3090.0,387,3091.0,2573
23:27:51,SP-FUTURE,3113.0,2164,3113.0,666
23:27:52,ESX-FUTURE,3091.0,1126,3091.0,1834
23:27:52,ESX-FUTURE,3088.0,464,3088.0,2496
23:27:52,SP-FUTURE,3113.0,1329,3113.0,1501
23:27:52,ESX-FUTURE,3087.0,836,3087.0,2124
23:27:54,ESX-FUTURE,3087.0,1306,3087.0,1654
23:27:54,SP-FUTURE,3113.0,282,3113.0,2548
23:27:55,SP-FUTURE,3115.0,776,3115.0,2054
23:27:55,ESX-FUTURE,3087.0,2525,3087.0,435
23:27:56,SP-FUTURE,3114.0,2043,3114.0,787
23:27:56,ESX-FUTURE,3087.0,2472,3087.0,488
23:27:56,SP-FUTURE,3113.0,1282,3113.0,1548
23:27:57,SP-FUTURE,3113.0,2024,3113.0,806
23:27:58,ESX-FUTURE,3087.0,1118,3087.0,1842
23:27:58,ESX-FUTURE,3087.0,1204,3087.0,1756
23:27:58,SP-FUTURE,3113.0,2078,3113.0,752
23:27:58,SP-FUTURE,3113.0,1218,3113.0,1612
23:27:58,ESX-FUTURE,3087.0,1220,3087.0,1740
23:28:00,SP-FUTURE,3113.0,1093,3113.0,1737
23:28:01,ESX-FUTURE,3087.0,768,3087.0,2192
23:28:01,ESX-FUTURE,3087.0,2086,3087.0,874
23:28:01,SP-FUTURE,3113.0,1641,3113.0,1189
23:28:02,SP-FUTURE,3113.0,2158,3113.0,672
23:28:03,SP-FUTURE,3112.0,2061,3113.0,769
23:28:03,ESX-FUTURE,3086.0,1473,3087.0,1487
23:28:03,ESX-FUTURE,3086.0,2117,3087.0,843
23:28:04,ESX-FUTURE,3086.0,468,3086.0,2492
23:28:04,SP-FUTURE,3112.0,1856,3113.0,974
23:28:04,ESX-FUTURE,3086.0,2517,3086.0,443
23:28:05,ESX-FUTURE,3086.0,2542,3086.0,418
23:28:06,SP-FUTURE,3113.0,1600,3113.0,1230
23:28:06,SP-FUTURE,3109.0,2587,3109.0,243
23:28:07,ESX-FUTURE,3086.0,2890,3086.0,70
23:28:07,SP-FUTURE,3109.0,1642,3109.0,1188
23:28:08,SP-FUTURE,3109.0,1287,3109.0,1543
23:28:08,ESX-FUTURE,3086.0,2740,3086.0,220
23:28:09,ESX-FUTURE,3086.0,1029,3086.0,1931
23:28:09,SP-FUTURE,3111.0,1427,3112.0,1403
23:28:11,ESX-FUTURE,3086.0,2035,3086.0,925
23:28:11,ESX-FUTURE,3086.0,92,3087.0,2868
23:28:11,SP-FUTURE,3111.0,1887,3112.0,943
23:28:11,ESX-FUTURE,3086.0,376,3087.0,2584
23:28:13,SP-FUTURE,3111.0,1746,3112.0,1084
23:28:13,ESX-FUTURE,3086.0,1068,3087.0,1892
23:28:14,SP-FUTURE,3112.0,2591,3112.0,239
23:28:15,ESX-FUTURE,3086.0,770,3086.0,2190
23:28:15,SP-FUTURE,3112.0,1450,3113.0,1380
23:28:16,SP-FUTURE,3112.0,712,3113.0,2118
23:28:16,SP-FUTURE,3112.0,774,3112.0,2056
23:28:16,ESX-FUTURE,3086.0,1934,3087.0,1026
23:28:17,ESX-FUTURE,3086.0,1774,3087.0,1186
23:28:17,SP-FUTURE,3112.0,1378,3112.0,1452
23:28:17,SP-FUTURE,3112.0,1247,3112.0,1583
23:28:17,ESX-FUTURE,3086.0,1263,3086.0,1697
23:28:18,ESX-FUTURE,3086.0,274,3086.0,2686
23:28:18,SP-FUTURE,3112.0,1231,3112.0,1599
23:28:19,ESX-FUTURE,3086.0,2562,3087.0,398
23:28:19,SP-FUTURE,3111.0,250,3112.0,2580
23:28:20,ESX-FUTURE,3086.0,2651,3087.0,309
23:28:20,SP-FUTURE,3111.0,716,3112.0,2114
23:28:21,ESX-FUTURE,3086.0,883,3087.0,2077
23:28:21,SP-FUTURE,3111.0,874,3111.0,1956
23:28:22,ESX-FUTURE,3086.0,1879,3086.0,1081
23:28:22,SP-FUTURE,3111.0,1429,3111.0,1401
23:28:24,ESX-FUTURE,3086.0,443,3087.0,2517
23:28:24,ESX-FUTURE,3086.0,2325,3087.0,635
23:28:24,SP-FUTURE,3110.0,2089,3111.0,741
23:28:24,SP-FUTURE,3110.0,1358,3110.0,1472
23:28:25,SP-FUTURE,3110.0,1601,3110.0,1229
23:28:25,ESX-FUTURE,3087.0,283,3087.0,2677
23:28:25,SP-FUTURE,3110.0,1523,3110.0,1307
23:28:25,ESX-FUTURE,3086.0,2551,3087.0,409
23:28:26,ESX-FUTURE,3087.0,91,3087.0,2869
23:28:26,SP-FUTURE,3110.0,1462,3110.0,1368
23:28:27,ESX-FUTURE,3087.0,1586,3087.0,1374
23:28:27,SP-FUTURE,3110.0,2443,3110.0,387
23:28:28,ESX-FUTURE,3087.0,1765,3087.0,1195
23:28:28,SP-FUTURE,3110.0,699,3110.0,2131
23:28:28,ESX-FUTURE,3087.0,66,3087.0,2894
23:28:29,ESX-FUTURE,3087.0,1863,3087.0,1097
23:28:29,SP-FUTURE,3110.0,103,3110.0,2727
23:28:29,ESX-FUTURE,3087.0,2216,3087.0,744
23:28:30,SP-FUTURE,3110.0,995,3110.0,1835
23:28:30,ESX-FUTURE,3088.0,1482,3088.0,1478
23:28:31,ESX-FUTURE,3088.0,634,3088.0,2326
23:28:32,SP-FUTURE,3109.0,2223,3110.0,607
23:28:32,ESX-FUTURE,3087.0,2732,3087.0,228
23:28:33,SP-FUTURE,3107.0,976,3107.0,1854
23:28:33,ESX-FUTURE,3087.0,41,3088.0,2919
23:28:33,SP-FUTURE,3107.0,320,3107.0,2510
23:28:34,SP-FUTURE,3107.0,308,3107.0,2522
23:28:34,ESX-FUTURE,3087.0,1010,3088.0,1950
23:28:35,SP-FUTURE,3107.0,320,3107.0,2510
23:28:36,ESX-FUTURE,3087.0,954,3088.0,2006
23:28:37,SP-FUTURE,3107.0,373,3107.0,2457
23:28:37,ESX-FUTURE,3087.0,2194,3088.0,766
23:28:38,ESX-FUTURE,3088.0,2762,3088.0,198
23:28:39,ESX-FUTURE,3088.0,2643,3088.0,317
23:28:39,SP-FUTURE,3106.0,1862,3106.0,968
23:28:41,SP-FUTURE,3103.0,554,3103.0,2276
23:28:41,ESX-FUTURE,3088.0,1114,3088.0,1846
23:28:42,SP-FUTURE,3102.0,654,3102.0,2176
23:28:42,ESX-FUTURE,3088.0,100,3088.0,2860
23:28:43,ESX-FUTURE,3088.0,1695,3088.0,1265
23:28:43,SP-FUTURE,3101.0,786,3102.0,2044
23:28:44,SP-FUTURE,3101.0,477,3102.0,2353
23:28:44,ESX-FUTURE,3088.0,2239,3088.0,721
23:28:46,SP-FUTURE,3101.0,1568,3102.0,1262
23:28:46,ESX-FUTURE,3088.0,2078,3088.0,882
23:28:47,SP-FUTURE,3102.0,488,3102.0,2342
23:28:47,ESX-FUTURE,3089.0,139,3089.0,2821
23:28:48,SP-FUTURE,3101.0,2829,3102.0,2
23:28:49,ESX-FUTURE,3089.0,139,3089.0,2821
23:28:50,SP-FUTURE,3101.0,2800,3102.0,31
23:28:50,ESX-FUTURE,3089.0,194,3089.0,2766
23:28:50,SP-FUTURE,3101.0,2499,3102.0,332
23:28:51,ESX-FUTURE,3089.0,397,3089.0,2563
23:28:52,SP-FUTURE,3102.0,1031,3102.0,1800
23:28:53,ESX-FUTURE,3088.0,2043,3088.0,917
23:28:53,SP-FUTURE,3102.0,2394,3102.0,437
23:28:53,SP-FUTURE,3102.0,295,3102.0,2536
23:28:53,ESX-FUTURE,3091.0,2662,3092.0,298
23:28:55,ESX-FUTURE,3092.0,2340,3092.0,620
23:28:55,SP-FUTURE,3102.0,445,3102.0,2386
23:28:56,SP-FUTURE,3099.0,259,3099.0,2572
23:28:56,ESX-FUTURE,3092.0,581,3092.0,2379
23:28:57,SP-FUTURE,3099.0,88,3099.0,2743
23:28:58,ESX-FUTURE,3092.0,696,3092.0,2264
23:28:58,SP-FUTURE,3099.0,532,3099.0,2299
23:28:58,ESX-FUTURE,3092.0,1752,3092.0,1208
23:28:59,SP-FUTURE,3099.0,1207,3100.0,1624
23:28:59,ESX-FUTURE,3092.0,1299,3092.0,1661
23:29:00,SP-FUTURE,3099.0,1475,3099.0,1356
23:29:01,ESX-FUTURE,3092.0,2021,3092.0,939
23:29:02,SP-FUTURE,3099.0,2034,3099.0,797
23:29:02,SP-FUTURE,3099.0,2438,3099.0,393
23:29:02,ESX-FUTURE,3092.0,2620,3092.0,340
23:29:03,ESX-FUTURE,3092.0,1630,3092.0,1330
23:29:03,SP-FUTURE,3099.0,2248,3099.0,583
23:29:04,ESX-FUTURE,3092.0,2873,3092.0,87
23:29:04,ESX-FUTURE,3091.0,404,3091.0,2556
23:29:04,SP-FUTURE,3099.0,2236,3099.0,595
23:29:05,SP-FUTURE,3099.0,2204,3099.0,627
23:29:06,ESX-FUTURE,3091.0,647,3091.0,2313
23:29:06,SP-FUTURE,3099.0,1157,3099.0,1674
23:29:06,SP-FUTURE,3099.0,2370,3099.0,461
23:29:06,ESX-FUTURE,3090.0,2726,3091.0,234
23:29:07,SP-FUTURE,3099.0,2421,3099.0,410
23:29:07,ESX-FUTURE,3091.0,1254,3091.0,1706
23:29:08,ESX-FUTURE,3091.0,1251,3091.0,1709
23:29:08,SP-FUTURE,3099.0,389,3099.0,2442
23:29:08,SP-FUTURE,3099.0,516,3099.0,2315
23:29:08,ESX-FUTURE,3091.0,1727,3091.0,1233
23:29:09,SP-FUTURE,3099.0,699,3099.0,2132
23:29:10,SP-FUTURE,3099.0,443,3099.0,2388
23:29:10,ESX-FUTURE,3094.0,1720,3094.0,1240
23:29:11,SP-FUTURE,3099.0,1286,3099.0,1545
23:29:11,SP-FUTURE,3099.0,219,3099.0,2612
23:29:11,ESX-FUTURE,3094.0,1564,3094.0,1396
23:29:12,SP-FUTURE,3098.0,1812,3099.0,1019
23:29:12,ESX-FUTURE,3094.0,1549,3094.0,1411
23:29:13,SP-FUTURE,3097.0,391,3097.0,2440
23:29:13,ESX-FUTURE,3094.0,534,3094.0,2426
23:29:13,ESX-FUTURE,3094.0,551,3094.0,2409
23:29:14,SP-FUTURE,3097.0,613,3097.0,2218
23:29:15,ESX-FUTURE,3094.0,1244,3094.0,1716
23:29:15,SP-FUTURE,3098.0,152,3098.0,2679
23:29:15,SP-FUTURE,3097.0,702,3097.0,2129
23:29:16,ESX-FUTURE,3094.0,2105,3094.0,855
23:29:16,SP-FUTURE,3097.0,2775,3097.0,56
23:29:16,ESX-FUTURE,3093.0,2646,3093.0,314
23:29:17,SP-FUTURE,3097.0,2160,3097.0,671
23:29:17,SP-FUTURE,3097.0,45,3097.0,2786
23:29:17,ESX-FUTURE,3093.0,2685,3093.0,275
23:29:17,ESX-FUTURE,3093.0,2357,3094.0,603
23:29:18,SP-FUTURE,3096.0,2822,3096.0,9
23:29:19,ESX-FUTURE,3093.0,2360,3094.0,600
23:29:19,SP-FUTURE,3096.0,2502,3096.0,329
23:29:21,ESX-FUTURE,3093.0,2427,3094.0,533
23:29:21,SP-FUTURE,3095.0,1176,3095.0,1655
23:29:21,SP-FUTURE,3092.0,1229,3092.0,1602
23:29:21,ESX-FUTURE,3093.0,1125,3093.0,1835
23:29:22,ESX-FUTURE,3093.0,2178,3093.0,782
23:29:23,ESX-FUTURE,3094.0,1540,3094.0,1420
23:29:23,SP-FUTURE,3093.0,2782,3093.0,49
23:29:23,ESX-FUTURE,3094.0,1547,3094.0,1413
23:29:24,SP-FUTURE,3092.0,1154,3093.0,1677
23:29:24,ESX-FUTURE,3094.0,1594,3094.0,1366
23:29:25,ESX-FUTURE,3094.0,1195,3094.0,1765
23:29:25,SP-FUTURE,3093.0,2325,3094.0,506
23:29:26,SP-FUTURE,3093.0,2574,3094.0,257
23:29:26,ESX-FUTURE,3094.0,1456,3094.0,1504
23:29:27,ESX-FUTURE,3094.0,1430,3094.0,1530
23:29:27,SP-FUTURE,3094.0,2258,3094.0,573
23:29:27,ESX-FUTURE,3093.0,1612,3093.0,1348
23:29:28,SP-FUTURE,3094.0,602,3095.0,2229
23:29:28,ESX-FUTURE,3093.0,2743,3094.0,217
23:29:30,ESX-FUTURE,3094.0,372,3094.0,2588
23:29:30,SP-FUTURE,3095.0,779,3095.0,2052
23:29:31,ESX-FUTURE,3094.0,1806,3094.0,1154
23:29:31,ESX-FUTURE,3094.0,2026,3095.0,934
23:29:31,SP-FUTURE,3095.0,804,3095.0,2027
23:29:32,ESX-FUTURE,3095.0,1493,3095.0,1467
23:29:32,SP-FUTURE,3093.0,372,3093.0,2459
23:29:33,ESX-FUTURE,3095.0,877,3095.0,2083
23:29:34,ESX-FUTURE,3094.0,2204,3095.0,756
23:29:34,SP-FUTURE,3093.0,1099,3093.0,1732
23:29:35,ESX-FUTURE,3094.0,1732,3095.0,1228
23:29:35,SP-FUTURE,3092.0,175,3093.0,2656
23:29:35,SP-FUTURE,3092.0,186,3092.0,2645
23:29:35,ESX-FUTURE,3094.0,2421,3095.0,539
23:29:36,ESX-FUTURE,3094.0,1930,3095.0,1030
23:29:37,SP-FUTURE,3092.0,813,3092.0,2018
23:29:37,ESX-FUTURE,3094.0,2115,3095.0,845
23:29:38,SP-FUTURE,3092.0,805,3092.0,2026
23:29:39,SP-FUTURE,3092.0,2683,3092.0,148
23:29:39,ESX-FUTURE,3094.0,2633,3094.0,327
23:29:40,SP-FUTURE,3089.0,2383,3089.0,448
23:29:41,ESX-FUTURE,3094.0,2913,3094.0,47
23:29:41,SP-FUTURE,3089.0,2091,3089.0,740
23:29:41,SP-FUTURE,3089.0,2118,3089.0,713
23:29:42,ESX-FUTURE,3094.0,469,3094.0,2491
23:29:42,SP-FUTURE,3089.0,1412,3089.0,1419
23:29:42,ESX-FUTURE,3094.0,2344,3094.0,616
23:29:44,SP-FUTURE,3087.0,2204,3087.0,627
23:29:44,SP-FUTURE,3087.0,1690,3087.0,1141
23:29:44,ESX-FUTURE,3095.0,263,3095.0,2697
23:29:45,ESX-FUTURE,3096.0,1142,3096.0,1818
23:29:45,ESX-FUTURE,3095.0,682,3095.0,2278
23:29:45,SP-FUTURE,3087.0,73,3087.0,2758
23:29:46,ESX-FUTURE,3095.0,912,3095.0,2048
23:29:46,SP-FUTURE,3086.0,2554,3087.0,277
23:29:47,ESX-FUTURE,3095.0,1343,3095.0,1617
23:29:48,SP-FUTURE,3087.0,136,3087.0,2695
23:29:48,ESX-FUTURE,3095.0,1129,3095.0,1831
23:29:49,ESX-FUTURE,3095.0,611,3095.0,2349
23:29:49,SP-FUTURE,3086.0,2657,3087.0,174
23:29:49,ESX-FUTURE,3095.0,525,3095.0,2435
23:29:50,ESX-FUTURE,3095.0,523,3095.0,2437
23:29:50,SP-FUTURE,3087.0,2589,3087.0,242
23:29:51,ESX-FUTURE,3095.0,809,3095.0,2151
23:29:52,SP-FUTURE,3087.0,1832,3088.0,999
23:29:52,ESX-FUTURE,3095.0,2480,3095.0,480
23:29:53,ESX-FUTURE,3095.0,2691,3095.0,269
23:29:53,SP-FUTURE,3087.0,2121,3088.0,710
23:29:54,ESX-FUTURE,3095.0,346,3095.0,2614
23:29:55,SP-FUTURE,3087.0,1693,3088.0,1138
23:29:55,ESX-FUTURE,3094.0,246,3094.0,2714
23:29:55,ESX-FUTURE,3094.0,2776,3094.0,184
23:29:55,SP-FUTURE,3087.0,1914,3088.0,917
23:29:57,ESX-FUTURE,3093.0,2306,3094.0,654
23:29:57,SP-FUTURE,3088.0,1299,3088.0,1532
23:29:57,ESX-FUTURE,3093.0,2607,3093.0,353
23:29:57,SP-FUTURE,3087.0,2269,3088.0,562
23:29:58,SP-FUTURE,3084.0,1782,3084.0,1049
23:29:58,ESX-FUTURE,3093.0,2276,3093.0,684
23:29:59,ESX-FUTURE,3092.0,2234,3092.0,726
23:30:00,SP-FUTURE,3083.0,1688,3084.0,1143
23:30:01,ESX-FUTURE,3091.0,2395,3092.0,565
23:30:01,SP-FUTURE,3083.0,2172,3084.0,659
23:30:02,SP-FUTURE,3080.0,780,3081.0,2051
23:30:03,SP-FUTURE,3081.0,213,3081.0,2618
23:30:03,ESX-FUTURE,3091.0,2364,3092.0,596
23:30:04,ESX-FUTURE,3095.0,2022,3095.0,938
23:30:04,ESX-FUTURE,3095.0,1870,3095.0,1090
23:30:04,SP-FUTURE,3081.0,956,3081.0,1875
23:30:05,SP-FUTURE,3081.0,2202,3081.0,629
23:30:05,SP-FUTURE,3081.0,477,3081.0,2354
23:30:06,SP-FUTURE,3081.0,189,3081.0,2642
23:30:06,ESX-FUTURE,3095.0,71,3096.0,2889
23:30:07,SP-FUTURE,3081.0,186,3081.0,2645
23:30:07,ESX-FUTURE,3095.0,2934,3095.0,26
23:30:08,SP-FUTURE,3081.0,224,3081.0,2607
23:30:08,ESX-FUTURE,3095.0,2041,3096.0,919
23:30:08,SP-FUTURE,3081.0,295,3082.0,2536
23:30:10,SP-FUTURE,3082.0,128,3082.0,2703
23:30:10,ESX-FUTURE,3095.0,1951,3096.0,1009
23:30:11,ESX-FUTURE,3095.0,1870,3096.0,1090
23:30:12,SP-FUTURE,3082.0,1001,3082.0,1830
23:30:12,ESX-FUTURE,3095.0,1695,3095.0,1265
23:30:12,ESX-FUTURE,3095.0,1410,3095.0,1550
23:30:13,ESX-FUTURE,3095.0,513,3095.0,2447
23:30:13,SP-FUTURE,3082.0,880,3082.0,1951
23:30:14,ESX-FUTURE,3095.0,1039,3095.0,1921
23:30:15,SP-FUTURE,3082.0,1105,3082.0,1726
23:30:15,ESX-FUTURE,3095.0,2184,3095.0,776
23:30:16,ESX-FUTURE,3095.0,399,3095.0,2561
23:30:16,SP-FUTURE,3082.0,88,3082.0,2743
23:30:16,SP-FUTURE,3082.0,155,3082.0,2676
23:30:16,ESX-FUTURE,3095.0,2213,3095.0,747
23:30:17,ESX-FUTURE,3095.0,1582,3095.0,1378
23:30:17,SP-FUTURE,3080.0,2809,3081.0,22
23:30:18,SP-FUTURE,3080.0,99,3081.0,2732
23:30:19,ESX-FUTURE,3095.0,1545,3095.0,1415
23:30:19,ESX-FUTURE,3095.0,1737,3095.0,1223
23:30:19,SP-FUTURE,3080.0,1043,3080.0,1788
23:30:21,SP-FUTURE,3079.0,1645,3079.0,1186
23:30:21,ESX-FUTURE,3095.0,1896,3095.0,1064
23:30:22,SP-FUTURE,3078.0,1299,3078.0,1532
23:30:23,ESX-FUTURE,3096.0,2543,3096.0,417
23:30:23,SP-FUTURE,3078.0,1223,3078.0,1608
23:30:24,SP-FUTURE,3077.0,2590,3078.0,241
23:30:24,ESX-FUTURE,3096.0,1375,3096.0,1585
23:30:25,ESX-FUTURE,3095.0,2331,3096.0,629
23:30:25,SP-FUTURE,3077.0,2330,3078.0,501
23:30:26,ESX-FUTURE,3096.0,355,3096.0,2605
23:30:26,SP-FUTURE,3078.0,939,3079.0,1892
23:30:27,ESX-FUTURE,3095.0,1265,3096.0,1695
23:30:27,ESX-FUTURE,3096.0,2265,3096.0,695
23:30:28,ESX-FUTURE,3097.0,479,3097.0,2481
23:30:28,SP-FUTURE,3078.0,1346,3079.0,1485
23:30:28,SP-FUTURE,3078.0,1385,3079.0,1446
23:30:29,ESX-FUTURE,3097.0,1895,3097.0,1065
23:30:30,SP-FUTURE,3079.0,1517,3079.0,1314
23:30:31,ESX-FUTURE,3097.0,2743,3097.0,217
23:30:31,SP-FUTURE,3079.0,1812,3079.0,1019
23:30:31,SP-FUTURE,3079.0,1832,3079.0,999
23:30:32,SP-FUTURE,3079.0,2792,3079.0,39
23:30:32,SP-FUTURE,3079.0,39,3079.0,2792
23:30:32,ESX-FUTURE,3097.0,1592,3097.0,1368
23:30:33,SP-FUTURE,3079.0,14,3079.0,2817
23:30:33,ESX-FUTURE,3097.0,1592,3097.0,1368
23:30:34,ESX-FUTURE,3097.0,1615,3097.0,1345
23:30:34,SP-FUTURE,3079.0,167,3080.0,2664
23:30:35,SP-FUTURE,3079.0,997,3080.0,1834
23:30:35,ESX-FUTURE,3097.0,2912,3097.0,48
23:30:36,SP-FUTURE,3079.0,850,3080.0,1981
23:30:37,SP-FUTURE,3079.0,144,3080.0,2687
23:30:37,SP-FUTURE,3079.0,2747,3079.0,84
23:30:37,ESX-FUTURE,3097.0,2083,3097.0,877
23:30:39,SP-FUTURE,3079.0,2669,3079.0,162
23:30:39,ESX-FUTURE,3097.0,1749,3097.0,1211
23:30:39,SP-FUTURE,3079.0,2787,3080.0,44
23:30:40,SP-FUTURE,3081.0,1355,3081.0,1476
23:30:40,ESX-FUTURE,3097.0,2036,3097.0,924
23:30:41,SP-FUTURE,3081.0,1395,3081.0,1436
23:30:41,ESX-FUTURE,3097.0,104,3097.0,2856
23:30:42,ESX-FUTURE,3097.0,2726,3097.0,234
23:30:42,SP-FUTURE,3081.0,1653,3081.0,1178
23:30:43,ESX-FUTURE,3097.0,92,3097.0,2868
23:30:44,ESX-FUTURE,3097.0,2091,3097.0,869
23:30:44,SP-FUTURE,3081.0,662,3081.0,2169
23:30:45,ESX-FUTURE,3097.0,1936,3097.0,1024
23:30:46,ESX-FUTURE,3097.0,1702,3097.0,1258
23:30:46,SP-FUTURE,3080.0,820,3080.0,2011
23:30:46,ESX-FUTURE,3097.0,2435,3097.0,525
23:30:47,SP-FUTURE,3079.0,1050,3079.0,1781
23:30:47,ESX-FUTURE,3097.0,312,3098.0,2648
23:30:48,SP-FUTURE,3080.0,1110,3081.0,1721
23:30:48,ESX-FUTURE,3097.0,911,3098.0,2049
23:30:49,SP-FUTURE,3081.0,802,3081.0,2029
23:30:50,ESX-FUTURE,3097.0,2715,3098.0,245
23:30:51,ESX-FUTURE,3097.0,2778,3098.0,182
23:30:51,SP-FUTURE,3081.0,1172,3081.0,1659
23:30:52,SP-FUTURE,3081.0,1168,3081.0,1663
23:30:52,ESX-FUTURE,3097.0,2707,3097.0,253
23:30:53,SP-FUTURE,3081.0,1538,3081.0,1293
23:30:53,ESX-FUTURE,3097.0,2891,3097.0,69
23:30:53,SP-FUTURE,3081.0,961,3081.0,1870
23:30:54,SP-FUTURE,3081.0,1131,3081.0,1700
23:30:54,ESX-FUTURE,3097.0,1324,3097.0,1636
23:30:55,ESX-FUTURE,3097.0,1824,3097.0,1136
23:30:55,SP-FUTURE,3079.0,259,3079.0,2572
23:30:55,ESX-FUTURE,3098.0,1586,3099.0,1374
23:30:56,ESX-FUTURE,3098.0,1010,3099.0,1950
23:30:56,SP-FUTURE,3079.0,605,3079.0,2226
23:30:57,SP-FUTURE,3078.0,119,3079.0,2712
23:30:57,ESX-FUTURE,3098.0,2391,3099.0,569
23:30:57,SP-FUTURE,3078.0,947,3078.0,1884
23:30:58,ESX-FUTURE,3099.0,1618,3099.0,1342
23:30:58,SP-FUTURE,3078.0,2036,3078.0,795
23:30:58,ESX-FUTURE,3099.0,879,3099.0,2081
23:30:59,SP-FUTURE,3078.0,1745,3078.0,1086
23:31:00,SP-FUTURE,3078.0,1961,3078.0,870
23:31:00,ESX-FUTURE,3099.0,837,3099.0,2123
23:31:00,SP-FUTURE,3078.0,1949,3078.0,882
23:31:01,ESX-FUTURE,3098.0,2313,3098.0,647
23:31:02,ESX-FUTURE,3098.0,1572,3099.0,1388
23:31:02,SP-FUTURE,3077.0,2249,3077.0,582
23:31:03,ESX-FUTURE,3098.0,2436,3099.0,524
23:31:04,SP-FUTURE,3077.0,2595,3077.0,236
23:31:04,SP-FUTURE,3077.0,132,3078.0,2699
23:31:04,SP-FUTURE,3077.0,876,3078.0,1955
23:31:05,ESX-FUTURE,3099.0,997,3099.0,1963
23:31:05,SP-FUTURE,3077.0,1398,3078.0,1433
23:31:06,SP-FUTURE,3077.0,2052,3078.0,779
23:31:06,SP-FUTURE,3078.0,317,3078.0,2514
23:31:07,ESX-FUTURE,3099.0,1256,3099.0,1704
23:31:07,SP-FUTURE,3077.0,2262,3078.0,569
23:31:08,SP-FUTURE,3077.0,2230,3077.0,601
23:31:08,ESX-FUTURE,3099.0,2158,3099.0,802
23:31:09,SP-FUTURE,3077.0,1708,3077.0,1123
23:31:09,ESX-FUTURE,3099.0,2053,3099.0,907
23:31:10,ESX-FUTURE,3099.0,2080,3099.0,880
23:31:10,SP-FUTURE,3077.0,2168,3077.0,663
23:31:10,ESX-FUTURE,3099.0,545,3099.0,2415
23:31:11,SP-FUTURE,3077.0,2163,3077.0,668
23:31:11,SP-FUTURE,3077.0,310,3078.0,2521
23:31:11,ESX-FUTURE,3100.0,1339,3100.0,1621
23:31:13,ESX-FUTURE,3100.0,1879,3100.0,1081
23:31:13,SP-FUTURE,3077.0,1391,3078.0,1440
23:31:14,ESX-FUTURE,3100.0,2302,3100.0,658
23:31:14,SP-FUTURE,3077.0,1317,3077.0,1514
23:31:14,SP-FUTURE,3077.0,1615,3077.0,1216
23:31:15,ESX-FUTURE,3100.0,1756,3100.0,1204
23:31:15,SP-FUTURE,3078.0,24,3078.0,2807
23:31:17,ESX-FUTURE,3104.0,1576,3104.0,1384
23:31:17,SP-FUTURE,3078.0,844,3078.0,1987
23:31:18,SP-FUTURE,3078.0,1263,3078.0,1568
23:31:18,ESX-FUTURE,3104.0,710,3104.0,2250
23:31:19,SP-FUTURE,3078.0,185,3078.0,2646
23:31:20,SP-FUTURE,3078.0,1571,3078.0,1260
23:31:20,ESX-FUTURE,3104.0,654,3104.0,2306
23:31:21,SP-FUTURE,3078.0,2315,3078.0,516
23:31:22,ESX-FUTURE,3104.0,637,3104.0,2323
23:31:22,ESX-FUTURE,3104.0,609,3104.0,2351
23:31:22,SP-FUTURE,3078.0,2636,3078.0,195
23:31:23,ESX-FUTURE,3104.0,1263,3104.0,1697
23:31:24,SP-FUTURE,3078.0,260,3078.0,2571
23:31:24,ESX-FUTURE,3104.0,1246,3104.0,1714
23:31:24,SP-FUTURE,3078.0,2101,3078.0,730
23:31:25,ESX-FUTURE,3104.0,1456,3104.0,1504
23:31:25,SP-FUTURE,3078.0,2650,3078.0,181
23:31:26,SP-FUTURE,3078.0,1057,3078.0,1774
23:31:26,ESX-FUTURE,3104.0,422,3104.0,2538
23:31:27,ESX-FUTURE,3105.0,455,3105.0,2505
23:31:28,SP-FUTURE,3078.0,989,3078.0,1842
23:31:29,SP-FUTURE,3078.0,2549,3078.0,282
23:31:30,ESX-FUTURE,3104.0,2152,3104.0,808
23:31:30,SP-FUTURE,3078.0,1959,3078.0,872
23:31:31,ESX-FUTURE,3104.0,1107,3104.0,1853
23:31:31,SP-FUTURE,3078.0,1870,3078.0,961
23:31:32,SP-FUTURE,3078.0,1461,3078.0,1370
23:31:32,ESX-FUTURE,3104.0,929,3104.0,2031
23:31:33,SP-FUTURE,3078.0,660,3078.0,2171
23:31:33,ESX-FUTURE,3104.0,497,3104.0,2463
23:31:34,SP-FUTURE,3078.0,198,3078.0,2633
23:31:35,ESX-FUTURE,3104.0,1830,3104.0,1130
23:31:35,ESX-FUTURE,3104.0,1766,3104.0,1194
23:31:36,ESX-FUTURE,3104.0,1813,3104.0,1147
23:31:36,SP-FUTURE,3077.0,1531,3077.0,1300
23:31:37,ESX-FUTURE,3102.0,2145,3103.0,815
23:31:38,ESX-FUTURE,3102.0,2246,3103.0,714
23:31:38,SP-FUTURE,3077.0,906,3077.0,1925
23:31:39,ESX-FUTURE,3102.0,2065,3103.0,895
23:31:39,SP-FUTURE,3077.0,1900,3077.0,931
23:31:40,SP-FUTURE,3077.0,651,3078.0,2180
23:31:40,SP-FUTURE,3077.0,331,3077.0,2500
23:31:40,SP-FUTURE,3076.0,2362,3076.0,469
23:31:40,ESX-FUTURE,3103.0,483,3103.0,2477
23:31:41,SP-FUTURE,3077.0,1951,3077.0,880
23:31:41,ESX-FUTURE,3103.0,1145,3103.0,1815
23:31:42,SP-FUTURE,3077.0,69,3077.0,2762
23:31:42,ESX-FUTURE,3103.0,1227,3103.0,1733
23:31:43,SP-FUTURE,3076.0,2768,3077.0,63
23:31:43,ESX-FUTURE,3103.0,1246,3103.0,1714
23:31:43,ESX-FUTURE,3103.0,1309,3103.0,1651
23:31:43,ESX-FUTURE,3103.0,1386,3103.0,1574
23:31:43,SP-FUTURE,3076.0,2351,3077.0,480
23:31:44,ESX-FUTURE,3103.0,1577,3103.0,1383
23:31:44,SP-FUTURE,3075.0,428,3075.0,2403
23:31:45,ESX-FUTURE,3103.0,1338,3103.0,1622
23:31:45,ESX-FUTURE,3103.0,2388,3103.0,572
23:31:46,ESX-FUTURE,3103.0,2137,3103.0,823
23:31:46,SP-FUTURE,3075.0,389,3075.0,2442
23:31:47,ESX-FUTURE,3103.0,1886,3103.0,1074
23:31:47,SP-FUTURE,3075.0,1868,3075.0,963
23:31:48,ESX-FUTURE,3103.0,1432,3103.0,1528
23:31:49,SP-FUTURE,3075.0,425,3075.0,2406
23:31:50,SP-FUTURE,3075.0,483,3075.0,2348
23:31:50,ESX-FUTURE,3103.0,2614,3103.0,346
23:31:50,SP-FUTURE,3075.0,958,3075.0,1873
23:31:51,SP-FUTURE,3075.0,1492,3075.0,1339
23:31:51,ESX-FUTURE,3102.0,2584,3102.0,376
23:31:52,ESX-FUTURE,3102.0,2912,3102.0,48
23:31:52,SP-FUTURE,3075.0,1496,3075.0,1335
23:31:52,ESX-FUTURE,3102.0,1013,3102.0,1947
23:31:52,SP-FUTURE,3075.0,1531,3075.0,1300
