Timestamp,Instrument,Bid Price,Bid Volume,Ask Price,Ask Volume,TODO
08:30:07,ESX-FUTURE,3053.0,2926,3053.0,70,NOTHING
08:30:08,ESX-FUTURE,3053.0,2878,3053.0,118,NOTHING
08:30:08,ESX-FUTURE,3053.0,2708,3053.0,288,NOTHING
08:30:10,ESX-FUTURE,3053.0,2630,3053.0,366,NOTHING
08:30:11,ESX-FUTURE,3053.0,1496,3053.0,1500,NOTHING
08:30:11,ESX-FUTURE,3053.0,2099,3053.0,897,NOTHING
08:30:12,ESX-FUTURE,3052.0,1187,3053.0,1809,NOTHING
08:30:13,ESX-FUTURE,3052.0,892,3053.0,2104,NOTHING
08:30:13,ESX-FUTURE,3052.0,948,3053.0,2048,NOTHING
08:30:15,ESX-FUTURE,3052.0,1199,3053.0,1797,NOTHING
08:30:16,ESX-FUTURE,3052.0,1205,3053.0,1791,NOTHING
08:30:18,ESX-FUTURE,3052.0,1546,3053.0,1450,NOTHING
08:30:18,ESX-FUTURE,3053.0,731,3053.0,2265,NOTHING
08:30:20,ESX-FUTURE,3053.0,717,3053.0,2279,NOTHING
08:30:21,ESX-FUTURE,3053.0,671,3053.0,2325,NOTHING
08:30:22,ESX-FUTURE,3053.0,672,3053.0,2324,NOTHING
08:30:23,ESX-FUTURE,3053.0,779,3053.0,2217,NOTHING
08:30:24,ESX-FUTURE,3053.0,1381,3053.0,1615,NOTHING
08:30:25,ESX-FUTURE,3053.0,1290,3053.0,1706,NOTHING
08:30:26,ESX-FUTURE,3053.0,1327,3053.0,1669,NOTHING
08:30:27,ESX-FUTURE,3053.0,2228,3053.0,768,NOTHING
08:30:29,ESX-FUTURE,3053.0,1711,3053.0,1285,NOTHING
08:30:30,ESX-FUTURE,3053.0,2949,3053.0,47,NOTHING
08:30:30,ESX-FUTURE,3053.0,2852,3053.0,144,NOTHING
08:30:31,ESX-FUTURE,3053.0,2687,3053.0,309,NOTHING
08:30:32,ESX-FUTURE,3053.0,155,3053.0,2841,NOTHING
08:30:33,ESX-FUTURE,3053.0,149,3053.0,2847,NOTHING
08:30:34,ESX-FUTURE,3055.0,729,3055.0,2267,NOTHING
08:30:35,ESX-FUTURE,3055.0,665,3055.0,2331,NOTHING
08:30:36,ESX-FUTURE,3055.0,1133,3055.0,1863,NOTHING
08:30:39,ESX-FUTURE,3055.0,2393,3055.0,603,NOTHING
08:30:41,ESX-FUTURE,3055.0,1704,3055.0,1292,NOTHING
08:30:41,ESX-FUTURE,3055.0,1271,3055.0,1725,NOTHING
08:30:41,ESX-FUTURE,3055.0,2425,3056.0,571,NOTHING
08:30:42,ESX-FUTURE,3056.0,161,3056.0,2835,NOTHING
08:30:44,ESX-FUTURE,3056.0,274,3056.0,2722,NOTHING
08:30:44,ESX-FUTURE,3056.0,1328,3056.0,1668,NOTHING
08:30:45,ESX-FUTURE,3056.0,1136,3056.0,1860,NOTHING
08:30:46,ESX-FUTURE,3056.0,1238,3056.0,1758,NOTHING
08:30:47,ESX-FUTURE,3056.0,1736,3056.0,1260,NOTHING
08:30:48,ESX-FUTURE,3056.0,922,3056.0,2074,NOTHING
08:30:49,ESX-FUTURE,3055.0,913,3056.0,2083,NOTHING
08:30:49,ESX-FUTURE,3056.0,1951,3056.0,1045,NOTHING
08:30:51,ESX-FUTURE,3056.0,1231,3056.0,1765,NOTHING
08:30:52,ESX-FUTURE,3056.0,467,3057.0,2529,NOTHING
08:30:53,ESX-FUTURE,3056.0,2186,3057.0,810,NOTHING
08:30:54,ESX-FUTURE,3056.0,2774,3057.0,222,NOTHING
08:30:55,ESX-FUTURE,3057.0,2984,3057.0,12,NOTHING
08:30:56,ESX-FUTURE,3057.0,946,3058.0,2050,NOTHING
08:30:57,ESX-FUTURE,3057.0,2151,3057.0,845,NOTHING
08:30:59,ESX-FUTURE,3057.0,2137,3057.0,859,NOTHING
08:31:01,ESX-FUTURE,3057.0,124,3057.0,2872,NOTHING
08:31:02,ESX-FUTURE,3057.0,98,3057.0,2898,NOTHING
08:31:02,ESX-FUTURE,3060.0,2211,3060.0,785,NOTHING
08:31:03,ESX-FUTURE,3060.0,2613,3060.0,383,NOTHING
08:31:04,ESX-FUTURE,3060.0,1955,3060.0,1041,NOTHING
08:31:05,ESX-FUTURE,3060.0,1772,3060.0,1224,NOTHING
08:31:06,ESX-FUTURE,3061.0,1520,3061.0,1476,NOTHING
08:31:06,ESX-FUTURE,3061.0,1644,3061.0,1352,NOTHING
08:31:08,ESX-FUTURE,3061.0,1656,3061.0,1340,NOTHING
08:31:10,ESX-FUTURE,3061.0,1782,3061.0,1214,NOTHING
08:31:10,ESX-FUTURE,3061.0,375,3061.0,2621,NOTHING
08:31:12,ESX-FUTURE,3061.0,662,3061.0,2334,NOTHING
08:31:12,ESX-FUTURE,3061.0,1460,3061.0,1536,NOTHING
08:31:13,ESX-FUTURE,3061.0,1569,3061.0,1427,NOTHING
08:31:14,ESX-FUTURE,3062.0,467,3062.0,2529,NOTHING
08:31:15,ESX-FUTURE,3062.0,457,3062.0,2539,NOTHING
08:31:16,ESX-FUTURE,3062.0,507,3062.0,2489,NOTHING
08:31:17,ESX-FUTURE,3061.0,408,3061.0,2588,NOTHING
08:31:19,ESX-FUTURE,3061.0,1449,3061.0,1547,NOTHING
08:31:19,ESX-FUTURE,3060.0,882,3060.0,2114,NOTHING
08:31:20,ESX-FUTURE,3060.0,1971,3060.0,1025,NOTHING
08:31:21,ESX-FUTURE,3060.0,2255,3060.0,741,NOTHING
08:31:22,ESX-FUTURE,3060.0,1513,3060.0,1483,NOTHING
08:31:23,ESX-FUTURE,3060.0,277,3061.0,2719,NOTHING
08:31:23,ESX-FUTURE,3060.0,277,3061.0,2719,NOTHING
08:31:23,ESX-FUTURE,3060.0,2801,3060.0,195,NOTHING
08:31:25,ESX-FUTURE,3062.0,2051,3062.0,945,NOTHING
08:31:27,ESX-FUTURE,3062.0,1988,3062.0,1008,NOTHING
08:31:27,ESX-FUTURE,3062.0,2493,3062.0,503,NOTHING
08:31:29,ESX-FUTURE,3063.0,2166,3063.0,830,NOTHING
08:31:30,ESX-FUTURE,3063.0,2266,3063.0,730,NOTHING
08:31:32,ESX-FUTURE,3063.0,2468,3063.0,528,NOTHING
08:31:32,ESX-FUTURE,3064.0,497,3064.0,2499,NOTHING
08:31:33,ESX-FUTURE,3063.0,2979,3063.0,17,NOTHING
08:31:34,ESX-FUTURE,3063.0,2120,3063.0,876,NOTHING
08:31:34,ESX-FUTURE,3063.0,2060,3063.0,936,NOTHING
08:31:35,ESX-FUTURE,3062.0,1474,3063.0,1522,NOTHING
08:31:36,ESX-FUTURE,3063.0,441,3063.0,2555,NOTHING
08:31:37,ESX-FUTURE,3063.0,1564,3063.0,1432,NOTHING
08:31:39,ESX-FUTURE,3063.0,2672,3063.0,324,NOTHING
08:31:39,ESX-FUTURE,3063.0,1662,3063.0,1334,NOTHING
08:31:40,ESX-FUTURE,3063.0,209,3063.0,2787,NOTHING
08:31:42,ESX-FUTURE,3063.0,948,3063.0,2048,NOTHING
08:31:43,ESX-FUTURE,3063.0,702,3063.0,2294,NOTHING
08:31:44,ESX-FUTURE,3064.0,1826,3064.0,1170,NOTHING
08:31:45,ESX-FUTURE,3064.0,2422,3064.0,574,NOTHING
08:31:46,ESX-FUTURE,3064.0,906,3064.0,2090,NOTHING
08:31:47,ESX-FUTURE,3064.0,813,3064.0,2183,NOTHING
08:31:48,ESX-FUTURE,3064.0,1542,3064.0,1454,NOTHING
08:31:48,ESX-FUTURE,3061.0,788,3061.0,2208,NOTHING
08:31:49,ESX-FUTURE,3061.0,789,3061.0,2207,NOTHING
08:31:50,ESX-FUTURE,3061.0,1314,3061.0,1682,NOTHING
08:31:51,ESX-FUTURE,3062.0,1857,3063.0,1139,NOTHING
08:31:53,ESX-FUTURE,3062.0,1240,3063.0,1756,NOTHING
08:31:55,ESX-FUTURE,3059.0,1474,3059.0,1522,NOTHING
08:31:55,ESX-FUTURE,3059.0,2963,3059.0,33,NOTHING
08:31:57,ESX-FUTURE,3059.0,332,3060.0,2664,NOTHING
08:31:58,ESX-FUTURE,3060.0,747,3060.0,2249,NOTHING
08:32:00,ESX-FUTURE,3060.0,2345,3060.0,651,NOTHING
08:32:01,ESX-FUTURE,3060.0,1543,3060.0,1453,NOTHING
08:32:02,ESX-FUTURE,3058.0,2884,3058.0,112,NOTHING
08:32:03,ESX-FUTURE,3057.0,1015,3058.0,1981,NOTHING
08:32:03,ESX-FUTURE,3057.0,1371,3058.0,1625,NOTHING
08:32:05,ESX-FUTURE,3058.0,280,3058.0,2716,NOTHING
08:32:07,ESX-FUTURE,3058.0,689,3058.0,2307,NOTHING
08:32:07,ESX-FUTURE,3057.0,1783,3057.0,1213,NOTHING
08:32:09,ESX-FUTURE,3057.0,2137,3057.0,859,NOTHING
08:32:09,ESX-FUTURE,3053.0,1538,3053.0,1458,NOTHING
08:32:10,ESX-FUTURE,3053.0,880,3054.0,2116,NOTHING
08:32:11,ESX-FUTURE,3053.0,1088,3054.0,1908,NOTHING
08:32:11,ESX-FUTURE,3053.0,1289,3054.0,1707,NOTHING
08:32:13,ESX-FUTURE,3054.0,158,3054.0,2838,NOTHING
08:32:14,ESX-FUTURE,3053.0,2197,3054.0,799,NOTHING
08:32:14,ESX-FUTURE,3053.0,2197,3054.0,799,NOTHING
08:32:15,ESX-FUTURE,3053.0,2195,3054.0,801,NOTHING
08:32:16,ESX-FUTURE,3053.0,2177,3054.0,819,NOTHING
08:32:16,ESX-FUTURE,3053.0,2221,3054.0,775,NOTHING
08:32:17,ESX-FUTURE,3053.0,2566,3054.0,430,NOTHING
08:32:18,ESX-FUTURE,3053.0,2574,3054.0,422,NOTHING
08:32:19,ESX-FUTURE,3053.0,2917,3054.0,79,NOTHING
08:32:20,ESX-FUTURE,3053.0,2261,3054.0,735,NOTHING
08:32:22,ESX-FUTURE,3053.0,1732,3054.0,1264,NOTHING
08:32:22,ESX-FUTURE,3053.0,555,3054.0,2441,NOTHING
08:32:22,ESX-FUTURE,3053.0,402,3053.0,2594,NOTHING
08:32:24,ESX-FUTURE,3053.0,2258,3053.0,738,NOTHING
08:32:24,ESX-FUTURE,3052.0,1653,3053.0,1343,NOTHING
08:32:25,ESX-FUTURE,3052.0,735,3053.0,2261,NOTHING
08:32:26,ESX-FUTURE,3052.0,1842,3052.0,1154,NOTHING
08:32:26,ESX-FUTURE,3052.0,127,3052.0,2869,NOTHING
08:32:27,ESX-FUTURE,3052.0,611,3052.0,2385,NOTHING
08:32:28,ESX-FUTURE,3052.0,1344,3052.0,1652,NOTHING
08:32:29,ESX-FUTURE,3052.0,1330,3052.0,1666,NOTHING
08:32:29,ESX-FUTURE,3052.0,1332,3052.0,1664,NOTHING
08:32:30,ESX-FUTURE,3052.0,1855,3052.0,1141,NOTHING
08:32:32,ESX-FUTURE,3051.0,2576,3052.0,420,NOTHING
08:32:33,ESX-FUTURE,3050.0,928,3050.0,2068,NOTHING
08:32:33,ESX-FUTURE,3050.0,454,3050.0,2542,NOTHING
08:32:34,ESX-FUTURE,3050.0,2025,3050.0,971,NOTHING
08:32:34,ESX-FUTURE,3050.0,1538,3050.0,1458,NOTHING
08:32:35,ESX-FUTURE,3050.0,661,3050.0,2335,NOTHING
08:32:36,ESX-FUTURE,3050.0,1901,3050.0,1095,NOTHING
08:32:36,ESX-FUTURE,3051.0,1072,3051.0,1924,NOTHING
08:32:37,ESX-FUTURE,3051.0,2404,3051.0,592,NOTHING
08:32:39,ESX-FUTURE,3051.0,1095,3051.0,1901,NOTHING
08:32:40,ESX-FUTURE,3051.0,2360,3051.0,636,NOTHING
08:32:41,ESX-FUTURE,3051.0,2555,3051.0,441,NOTHING
08:32:41,ESX-FUTURE,3051.0,116,3052.0,2880,NOTHING
08:32:41,ESX-FUTURE,3048.0,2161,3048.0,835,NOTHING
08:32:42,ESX-FUTURE,3048.0,1486,3048.0,1510,NOTHING
08:32:43,ESX-FUTURE,3048.0,1762,3048.0,1234,NOTHING
08:32:45,ESX-FUTURE,3048.0,532,3048.0,2464,NOTHING
08:32:46,ESX-FUTURE,3048.0,226,3048.0,2770,NOTHING
08:32:48,ESX-FUTURE,3048.0,442,3048.0,2554,NOTHING
08:32:49,ESX-FUTURE,3048.0,354,3048.0,2642,NOTHING
08:32:51,ESX-FUTURE,3048.0,1894,3048.0,1102,NOTHING
08:32:52,ESX-FUTURE,3047.0,695,3048.0,2301,NOTHING
08:32:53,ESX-FUTURE,3047.0,660,3048.0,2336,NOTHING
08:32:54,ESX-FUTURE,3047.0,831,3048.0,2165,NOTHING
08:32:55,ESX-FUTURE,3048.0,170,3048.0,2826,NOTHING
08:32:56,ESX-FUTURE,3048.0,717,3048.0,2279,NOTHING
08:32:56,ESX-FUTURE,3047.0,2789,3048.0,207,NOTHING
08:32:57,ESX-FUTURE,3047.0,2748,3048.0,248,NOTHING
08:32:58,ESX-FUTURE,3047.0,1107,3048.0,1889,NOTHING
08:32:59,ESX-FUTURE,3047.0,458,3048.0,2538,NOTHING
08:33:00,ESX-FUTURE,3047.0,2966,3047.0,30,NOTHING
08:33:01,ESX-FUTURE,3047.0,1219,3048.0,1777,NOTHING
08:33:02,ESX-FUTURE,3048.0,244,3048.0,2752,NOTHING
08:33:04,ESX-FUTURE,3047.0,1600,3048.0,1396,NOTHING
08:33:04,ESX-FUTURE,3047.0,2118,3048.0,878,NOTHING
08:33:05,ESX-FUTURE,3048.0,1013,3048.0,1983,NOTHING
08:33:07,ESX-FUTURE,3048.0,926,3048.0,2070,NOTHING
08:33:08,ESX-FUTURE,3048.0,1301,3048.0,1695,NOTHING
08:33:08,ESX-FUTURE,3048.0,1312,3048.0,1684,NOTHING
08:33:10,ESX-FUTURE,3048.0,2485,3048.0,511,NOTHING
08:33:11,ESX-FUTURE,3048.0,2519,3048.0,477,NOTHING
08:33:11,ESX-FUTURE,3048.0,290,3048.0,2706,NOTHING
08:33:12,ESX-FUTURE,3048.0,1481,3048.0,1515,NOTHING
08:33:13,ESX-FUTURE,3048.0,1568,3048.0,1428,NOTHING
08:33:14,ESX-FUTURE,3048.0,174,3048.0,2822,NOTHING
08:33:14,ESX-FUTURE,3048.0,2350,3048.0,646,NOTHING
08:33:16,ESX-FUTURE,3048.0,1755,3048.0,1241,NOTHING
08:33:16,ESX-FUTURE,3048.0,2327,3048.0,669,NOTHING
08:33:17,ESX-FUTURE,3048.0,380,3049.0,2616,NOTHING
08:33:18,ESX-FUTURE,3048.0,1383,3049.0,1613,NOTHING
08:33:20,ESX-FUTURE,3048.0,412,3048.0,2584,NOTHING
08:33:21,ESX-FUTURE,3048.0,2421,3048.0,575,NOTHING
08:33:22,ESX-FUTURE,3048.0,2730,3048.0,266,NOTHING
08:33:23,ESX-FUTURE,3048.0,812,3048.0,2184,NOTHING
08:33:23,ESX-FUTURE,3048.0,2312,3048.0,684,NOTHING
08:33:24,ESX-FUTURE,3048.0,1730,3048.0,1266,NOTHING
08:33:25,ESX-FUTURE,3048.0,1078,3049.0,1918,NOTHING
08:33:27,ESX-FUTURE,3048.0,1071,3049.0,1925,NOTHING
08:33:28,ESX-FUTURE,3048.0,1133,3049.0,1863,NOTHING
08:33:29,ESX-FUTURE,3048.0,1241,3049.0,1755,NOTHING
08:33:29,ESX-FUTURE,3048.0,1750,3048.0,1246,NOTHING
08:33:31,ESX-FUTURE,3048.0,1918,3048.0,1078,NOTHING
08:33:32,ESX-FUTURE,3048.0,2967,3049.0,29,NOTHING
08:33:33,ESX-FUTURE,3047.0,2475,3047.0,521,NOTHING
08:33:33,ESX-FUTURE,3047.0,694,3047.0,2302,NOTHING
08:33:34,ESX-FUTURE,3047.0,37,3047.0,2959,NOTHING
08:33:35,ESX-FUTURE,3047.0,1111,3047.0,1885,NOTHING
08:33:37,ESX-FUTURE,3048.0,2892,3048.0,104,NOTHING
08:33:38,ESX-FUTURE,3048.0,419,3048.0,2577,NOTHING
08:33:39,ESX-FUTURE,3048.0,559,3048.0,2437,NOTHING
08:33:40,ESX-FUTURE,3048.0,1221,3048.0,1775,NOTHING
08:33:42,ESX-FUTURE,3048.0,1134,3048.0,1862,NOTHING
08:33:43,ESX-FUTURE,3048.0,1132,3048.0,1864,NOTHING
08:33:44,ESX-FUTURE,3048.0,1831,3048.0,1165,NOTHING
08:33:45,ESX-FUTURE,3048.0,621,3048.0,2375,NOTHING
08:33:46,ESX-FUTURE,3048.0,1551,3048.0,1445,NOTHING
08:33:46,ESX-FUTURE,3048.0,1531,3048.0,1465,NOTHING
08:33:48,ESX-FUTURE,3047.0,1288,3048.0,1708,NOTHING
08:33:49,ESX-FUTURE,3047.0,1196,3048.0,1800,NOTHING
08:33:50,ESX-FUTURE,3047.0,1200,3048.0,1796,NOTHING
08:33:51,ESX-FUTURE,3048.0,1075,3048.0,1921,NOTHING
08:33:52,ESX-FUTURE,3047.0,1541,3048.0,1455,NOTHING
08:33:53,ESX-FUTURE,3047.0,1514,3048.0,1482,NOTHING
08:33:54,ESX-FUTURE,3047.0,739,3048.0,2257,NOTHING
08:33:55,ESX-FUTURE,3048.0,592,3049.0,2404,NOTHING
08:33:56,ESX-FUTURE,3048.0,361,3049.0,2635,NOTHING
08:33:57,ESX-FUTURE,3048.0,688,3048.0,2308,NOTHING
08:33:59,ESX-FUTURE,3048.0,212,3048.0,2784,NOTHING
08:34:01,ESX-FUTURE,3048.0,1153,3048.0,1843,NOTHING
08:34:01,ESX-FUTURE,3048.0,2443,3048.0,553,NOTHING
08:34:02,ESX-FUTURE,3048.0,1756,3048.0,1240,NOTHING
08:34:04,ESX-FUTURE,3048.0,611,3048.0,2385,NOTHING
08:34:05,ESX-FUTURE,3048.0,1887,3048.0,1109,NOTHING
08:34:05,ESX-FUTURE,3048.0,1122,3048.0,1874,NOTHING
08:34:07,ESX-FUTURE,3048.0,2532,3048.0,464,NOTHING
08:34:07,ESX-FUTURE,3048.0,275,3048.0,2721,NOTHING
08:34:08,ESX-FUTURE,3048.0,424,3048.0,2572,NOTHING
08:34:10,ESX-FUTURE,3048.0,474,3048.0,2522,NOTHING
08:34:11,ESX-FUTURE,3048.0,468,3048.0,2528,NOTHING
08:34:12,ESX-FUTURE,3048.0,1419,3048.0,1577,NOTHING
08:34:13,ESX-FUTURE,3048.0,1795,3048.0,1201,NOTHING
08:34:13,ESX-FUTURE,3047.0,1664,3048.0,1332,NOTHING
08:34:14,ESX-FUTURE,3046.0,1158,3047.0,1838,NOTHING
08:34:16,ESX-FUTURE,3046.0,1951,3047.0,1045,NOTHING
08:34:18,ESX-FUTURE,3046.0,1907,3047.0,1089,NOTHING
08:34:19,ESX-FUTURE,3046.0,1763,3047.0,1233,NOTHING
08:34:21,ESX-FUTURE,3046.0,1789,3047.0,1207,NOTHING
08:34:22,ESX-FUTURE,3049.0,1612,3049.0,1384,NOTHING
08:34:23,ESX-FUTURE,3049.0,2207,3049.0,789,NOTHING
08:34:25,ESX-FUTURE,3049.0,2674,3049.0,322,NOTHING
08:34:26,ESX-FUTURE,3048.0,540,3049.0,2456,NOTHING
08:34:27,ESX-FUTURE,3048.0,2495,3048.0,501,NOTHING
08:34:27,ESX-FUTURE,3048.0,1946,3048.0,1050,NOTHING
08:34:28,ESX-FUTURE,3048.0,2072,3048.0,924,NOTHING
08:34:29,ESX-FUTURE,3048.0,2073,3048.0,923,NOTHING
08:34:30,ESX-FUTURE,3048.0,2829,3048.0,167,NOTHING
08:34:32,ESX-FUTURE,3048.0,267,3048.0,2729,NOTHING
08:34:33,ESX-FUTURE,3048.0,2121,3048.0,875,NOTHING
08:34:34,ESX-FUTURE,3048.0,625,3048.0,2371,NOTHING
08:34:36,ESX-FUTURE,3048.0,1881,3049.0,1115,NOTHING
08:34:37,ESX-FUTURE,3048.0,858,3049.0,2138,NOTHING
08:34:38,ESX-FUTURE,3048.0,931,3049.0,2065,NOTHING
08:34:39,ESX-FUTURE,3048.0,926,3049.0,2070,NOTHING
08:34:40,ESX-FUTURE,3049.0,1820,3049.0,1176,NOTHING
08:34:42,ESX-FUTURE,3049.0,259,3049.0,2737,NOTHING
08:34:42,ESX-FUTURE,3049.0,457,3049.0,2539,NOTHING
08:34:43,ESX-FUTURE,3049.0,545,3049.0,2451,NOTHING
08:34:45,ESX-FUTURE,3048.0,1600,3048.0,1396,NOTHING
08:34:46,ESX-FUTURE,3048.0,1623,3048.0,1373,NOTHING
08:34:47,ESX-FUTURE,3049.0,1430,3049.0,1566,NOTHING
08:34:48,ESX-FUTURE,3049.0,972,3049.0,2024,NOTHING
08:34:50,ESX-FUTURE,3049.0,961,3049.0,2035,NOTHING
08:34:51,ESX-FUTURE,3049.0,202,3050.0,2794,NOTHING
08:34:52,ESX-FUTURE,3049.0,339,3049.0,2657,NOTHING
08:34:53,ESX-FUTURE,3049.0,2993,3049.0,3,NOTHING
08:34:53,ESX-FUTURE,3049.0,1268,3050.0,1728,NOTHING
08:34:54,ESX-FUTURE,3049.0,982,3049.0,2014,NOTHING
08:34:55,ESX-FUTURE,3049.0,2362,3049.0,634,NOTHING
08:34:56,ESX-FUTURE,3049.0,185,3049.0,2811,NOTHING
08:34:58,ESX-FUTURE,3049.0,196,3049.0,2800,NOTHING
08:35:00,ESX-FUTURE,3049.0,2668,3049.0,328,NOTHING
08:35:00,ESX-FUTURE,3049.0,2009,3049.0,987,NOTHING
08:35:01,ESX-FUTURE,3049.0,309,3049.0,2687,NOTHING
08:35:02,ESX-FUTURE,3049.0,810,3049.0,2186,NOTHING
08:35:02,ESX-FUTURE,3049.0,2847,3049.0,149,NOTHING
08:35:04,ESX-FUTURE,3049.0,2827,3049.0,169,NOTHING
08:35:05,ESX-FUTURE,3049.0,2580,3049.0,416,NOTHING
08:35:06,ESX-FUTURE,3049.0,2442,3049.0,554,NOTHING
08:35:06,ESX-FUTURE,3049.0,140,3049.0,2856,NOTHING
08:35:07,ESX-FUTURE,3048.0,1622,3049.0,1374,NOTHING
08:35:08,ESX-FUTURE,3048.0,1551,3049.0,1445,NOTHING
08:35:09,ESX-FUTURE,3049.0,1148,3050.0,1848,NOTHING
08:35:11,ESX-FUTURE,3049.0,1247,3050.0,1749,NOTHING
08:35:12,ESX-FUTURE,3049.0,887,3050.0,2109,NOTHING
08:35:13,ESX-FUTURE,3049.0,577,3050.0,2419,NOTHING
08:35:15,ESX-FUTURE,3049.0,628,3050.0,2368,NOTHING
08:35:15,ESX-FUTURE,3049.0,546,3050.0,2450,NOTHING
08:35:17,ESX-FUTURE,3050.0,2056,3050.0,940,NOTHING
08:35:17,ESX-FUTURE,3050.0,299,3050.0,2697,NOTHING
08:35:18,ESX-FUTURE,3050.0,2518,3050.0,478,NOTHING
08:35:18,ESX-FUTURE,3050.0,1144,3050.0,1852,NOTHING
08:35:19,ESX-FUTURE,3050.0,214,3050.0,2782,NOTHING
08:35:20,ESX-FUTURE,3050.0,1955,3050.0,1041,NOTHING
08:35:21,ESX-FUTURE,3049.0,2518,3050.0,478,NOTHING
08:35:22,ESX-FUTURE,3049.0,2534,3050.0,462,NOTHING
08:35:24,ESX-FUTURE,3049.0,2216,3050.0,780,NOTHING
08:35:25,ESX-FUTURE,3048.0,629,3049.0,2367,NOTHING
08:35:26,ESX-FUTURE,3048.0,614,3049.0,2382,NOTHING
08:35:27,ESX-FUTURE,3049.0,2540,3049.0,456,NOTHING
08:35:29,ESX-FUTURE,3049.0,2540,3049.0,456,NOTHING
08:35:30,ESX-FUTURE,3048.0,521,3048.0,2475,NOTHING
08:35:31,ESX-FUTURE,3048.0,538,3048.0,2458,NOTHING
08:35:33,ESX-FUTURE,3047.0,2170,3048.0,826,NOTHING
08:35:34,ESX-FUTURE,3047.0,2180,3048.0,816,NOTHING
08:35:35,ESX-FUTURE,3047.0,2409,3048.0,587,NOTHING
08:35:36,ESX-FUTURE,3047.0,2267,3048.0,729,NOTHING
08:35:37,ESX-FUTURE,3047.0,429,3048.0,2567,NOTHING
08:35:37,ESX-FUTURE,3047.0,2908,3048.0,88,NOTHING
08:35:38,ESX-FUTURE,3047.0,2473,3048.0,523,NOTHING
08:35:40,ESX-FUTURE,3047.0,2363,3048.0,633,NOTHING
08:35:41,ESX-FUTURE,3047.0,2562,3048.0,434,NOTHING
08:35:43,ESX-FUTURE,3048.0,64,3048.0,2932,NOTHING
08:35:45,ESX-FUTURE,3048.0,1110,3048.0,1886,NOTHING
08:35:46,ESX-FUTURE,3048.0,1837,3048.0,1159,NOTHING
08:35:47,ESX-FUTURE,3048.0,736,3048.0,2260,NOTHING
08:35:49,ESX-FUTURE,3048.0,2610,3048.0,386,NOTHING
08:35:49,ESX-FUTURE,3048.0,2906,3048.0,90,NOTHING
08:35:51,ESX-FUTURE,3048.0,425,3048.0,2571,NOTHING
08:35:51,ESX-FUTURE,3048.0,338,3048.0,2658,NOTHING
08:35:52,ESX-FUTURE,3045.0,2874,3045.0,122,NOTHING
08:35:53,ESX-FUTURE,3045.0,121,3046.0,2875,NOTHING
08:35:55,ESX-FUTURE,3045.0,29,3046.0,2967,NOTHING
08:35:56,ESX-FUTURE,3045.0,148,3046.0,2848,NOTHING
08:35:58,ESX-FUTURE,3046.0,2933,3046.0,63,NOTHING
08:35:59,ESX-FUTURE,3046.0,2412,3046.0,584,NOTHING
08:36:00,ESX-FUTURE,3046.0,199,3046.0,2797,BUY
08:36:01,ESX-FUTURE,3046.0,397,3046.0,2599,BUY
08:36:02,ESX-FUTURE,3046.0,1906,3046.0,1090,BUY
08:36:04,ESX-FUTURE,3046.0,1976,3046.0,1020,BUY
08:36:05,ESX-FUTURE,3046.0,268,3046.0,2728,BUY
08:36:06,ESX-FUTURE,3046.0,1111,3046.0,1885,BUY
08:36:07,ESX-FUTURE,3042.0,1105,3043.0,1891,BUY
08:36:08,ESX-FUTURE,3042.0,2022,3043.0,974,BUY
08:36:10,ESX-FUTURE,3042.0,2062,3043.0,934,BUY
08:36:11,ESX-FUTURE,3042.0,2685,3043.0,311,BUY
08:36:11,ESX-FUTURE,3042.0,2642,3043.0,354,BUY
08:36:12,ESX-FUTURE,3043.0,436,3043.0,2560,BUY
08:36:12,ESX-FUTURE,3043.0,1724,3043.0,1272,BUY
08:36:14,ESX-FUTURE,3043.0,1675,3043.0,1321,BUY
08:36:15,ESX-FUTURE,3043.0,1710,3043.0,1286,BUY
08:36:18,ESX-FUTURE,3043.0,1649,3043.0,1347,BUY
08:36:18,ESX-FUTURE,3042.0,2558,3043.0,438,BUY
08:36:19,ESX-FUTURE,3042.0,2326,3043.0,670,BUY
08:36:21,ESX-FUTURE,3043.0,2037,3043.0,959,BUY
08:36:22,ESX-FUTURE,3043.0,2032,3043.0,964,BUY
08:36:24,ESX-FUTURE,3043.0,2326,3043.0,670,BUY
08:36:25,ESX-FUTURE,3043.0,378,3043.0,2618,BUY
08:36:27,ESX-FUTURE,3041.0,1035,3041.0,1961,BUY
08:36:28,ESX-FUTURE,3041.0,1405,3041.0,1591,BUY
08:36:29,ESX-FUTURE,3042.0,2094,3042.0,902,BUY
08:36:31,ESX-FUTURE,3042.0,2078,3042.0,918,BUY
08:36:31,ESX-FUTURE,3041.0,1618,3042.0,1378,BUY
08:36:32,ESX-FUTURE,3041.0,2402,3041.0,594,BUY
08:36:34,ESX-FUTURE,3041.0,1493,3041.0,1503,BUY
08:36:35,ESX-FUTURE,3041.0,2076,3041.0,920,BUY
08:36:35,ESX-FUTURE,3041.0,2057,3041.0,939,BUY
08:36:37,ESX-FUTURE,3041.0,2221,3041.0,775,BUY
08:36:37,ESX-FUTURE,3041.0,158,3041.0,2838,BUY
08:36:38,ESX-FUTURE,3042.0,171,3042.0,2825,BUY
08:36:39,ESX-FUTURE,3041.0,2242,3041.0,754,BUY
08:36:40,ESX-FUTURE,3041.0,1089,3041.0,1907,BUY
08:36:42,ESX-FUTURE,3041.0,1634,3041.0,1362,BUY
08:36:42,ESX-FUTURE,3041.0,1459,3041.0,1537,BUY
08:36:43,ESX-FUTURE,3041.0,2678,3041.0,318,BUY
08:36:44,ESX-FUTURE,3041.0,810,3041.0,2186,BUY
08:36:45,ESX-FUTURE,3041.0,1919,3041.0,1077,BUY
08:36:45,ESX-FUTURE,3044.0,1632,3044.0,1364,BUY
08:36:46,ESX-FUTURE,3044.0,1730,3044.0,1266,BUY
08:36:48,ESX-FUTURE,3044.0,2365,3044.0,631,BUY
08:36:49,ESX-FUTURE,3044.0,2363,3044.0,633,BUY
08:36:50,ESX-FUTURE,3044.0,618,3044.0,2378,BUY
08:36:51,ESX-FUTURE,3043.0,1894,3043.0,1102,BUY
08:36:53,ESX-FUTURE,3043.0,1421,3044.0,1575,BUY
08:36:54,ESX-FUTURE,3044.0,2068,3044.0,928,BUY
08:36:56,ESX-FUTURE,3044.0,1498,3045.0,1498,BUY
08:36:57,ESX-FUTURE,3044.0,1313,3045.0,1683,BUY
08:36:57,ESX-FUTURE,3044.0,2209,3045.0,787,BUY
08:36:58,ESX-FUTURE,3046.0,460,3046.0,2536,BUY
08:36:58,ESX-FUTURE,3046.0,56,3046.0,2940,BUY
08:36:59,ESX-FUTURE,3045.0,2388,3046.0,608,BUY
08:37:00,ESX-FUTURE,3045.0,2976,3045.0,20,NOTHING
08:37:01,ESX-FUTURE,3045.0,2469,3046.0,527,NOTHING
08:37:02,ESX-FUTURE,3044.0,2820,3044.0,176,NOTHING
08:37:04,ESX-FUTURE,3044.0,1665,3044.0,1331,NOTHING
08:37:04,ESX-FUTURE,3045.0,528,3045.0,2468,NOTHING
08:37:06,ESX-FUTURE,3045.0,1800,3045.0,1196,NOTHING
08:37:06,ESX-FUTURE,3045.0,906,3045.0,2090,NOTHING
08:37:08,ESX-FUTURE,3045.0,1819,3045.0,1177,NOTHING
08:37:09,ESX-FUTURE,3045.0,1817,3045.0,1179,NOTHING
08:37:10,ESX-FUTURE,3045.0,1813,3045.0,1183,NOTHING
08:37:11,ESX-FUTURE,3045.0,2702,3045.0,294,NOTHING
08:37:13,ESX-FUTURE,3045.0,2227,3045.0,769,NOTHING
08:37:14,ESX-FUTURE,3045.0,1392,3045.0,1604,NOTHING
08:37:15,ESX-FUTURE,3046.0,2949,3046.0,47,NOTHING
08:37:16,ESX-FUTURE,3046.0,53,3046.0,2943,NOTHING
08:37:17,ESX-FUTURE,3046.0,278,3046.0,2718,NOTHING
08:37:18,ESX-FUTURE,3046.0,916,3046.0,2080,NOTHING
08:37:19,ESX-FUTURE,3046.0,904,3046.0,2092,NOTHING
08:37:19,ESX-FUTURE,3046.0,2559,3047.0,437,NOTHING
08:37:20,ESX-FUTURE,3046.0,591,3047.0,2405,NOTHING
08:37:21,ESX-FUTURE,3046.0,588,3047.0,2408,NOTHING
08:37:23,ESX-FUTURE,3047.0,1637,3047.0,1359,NOTHING
08:37:23,ESX-FUTURE,3047.0,2393,3047.0,603,NOTHING
08:37:24,ESX-FUTURE,3047.0,1704,3047.0,1292,NOTHING
08:37:25,ESX-FUTURE,3047.0,513,3047.0,2483,NOTHING
08:37:26,ESX-FUTURE,3047.0,1948,3047.0,1048,NOTHING
08:37:27,ESX-FUTURE,3046.0,515,3047.0,2481,NOTHING
08:37:29,ESX-FUTURE,3046.0,2059,3047.0,937,NOTHING
08:37:29,ESX-FUTURE,3046.0,2087,3047.0,909,NOTHING
08:37:30,ESX-FUTURE,3046.0,2039,3047.0,957,NOTHING
08:37:30,ESX-FUTURE,3047.0,1550,3048.0,1446,NOTHING
08:37:31,ESX-FUTURE,3047.0,1567,3048.0,1429,NOTHING
08:37:32,ESX-FUTURE,3047.0,1931,3048.0,1065,NOTHING
08:37:35,ESX-FUTURE,3047.0,2215,3048.0,781,NOTHING
08:37:35,ESX-FUTURE,3047.0,2225,3048.0,771,NOTHING
08:37:37,ESX-FUTURE,3048.0,117,3048.0,2879,NOTHING
08:37:38,ESX-FUTURE,3047.0,1868,3047.0,1128,NOTHING
08:37:39,ESX-FUTURE,3047.0,2363,3047.0,633,NOTHING
08:37:40,ESX-FUTURE,3047.0,2650,3047.0,346,NOTHING
08:37:41,ESX-FUTURE,3047.0,1275,3047.0,1721,NOTHING
08:37:42,ESX-FUTURE,3047.0,596,3047.0,2400,NOTHING
08:37:44,ESX-FUTURE,3047.0,887,3047.0,2109,NOTHING
08:37:45,ESX-FUTURE,3047.0,1468,3047.0,1528,NOTHING
08:37:46,ESX-FUTURE,3047.0,1194,3047.0,1802,NOTHING
08:37:48,ESX-FUTURE,3047.0,987,3047.0,2009,NOTHING
08:37:48,ESX-FUTURE,3047.0,1366,3047.0,1630,NOTHING
08:37:49,ESX-FUTURE,3047.0,2435,3047.0,561,NOTHING
08:37:49,ESX-FUTURE,3047.0,2413,3047.0,583,NOTHING
08:37:50,ESX-FUTURE,3047.0,2494,3047.0,502,NOTHING
08:37:51,ESX-FUTURE,3047.0,364,3047.0,2632,NOTHING
08:37:52,ESX-FUTURE,3046.0,2896,3047.0,100,NOTHING
08:37:53,ESX-FUTURE,3046.0,2891,3047.0,105,NOTHING
08:37:55,ESX-FUTURE,3046.0,2741,3047.0,255,NOTHING
08:37:55,ESX-FUTURE,3047.0,613,3047.0,2383,NOTHING
08:37:55,ESX-FUTURE,3047.0,1153,3047.0,1843,NOTHING
08:37:56,ESX-FUTURE,3046.0,845,3047.0,2151,NOTHING
08:37:57,ESX-FUTURE,3046.0,48,3047.0,2948,NOTHING
08:37:57,ESX-FUTURE,3046.0,2856,3046.0,140,NOTHING
08:37:59,ESX-FUTURE,3046.0,2916,3046.0,80,NOTHING
08:38:00,ESX-FUTURE,3046.0,2788,3046.0,208,NOTHING
08:38:01,ESX-FUTURE,3046.0,332,3047.0,2664,NOTHING
08:38:03,ESX-FUTURE,3046.0,22,3047.0,2974,NOTHING
08:38:04,ESX-FUTURE,3047.0,2221,3048.0,775,NOTHING
08:38:05,ESX-FUTURE,3047.0,2385,3048.0,611,NOTHING
08:38:06,ESX-FUTURE,3047.0,1567,3048.0,1429,NOTHING
08:38:07,ESX-FUTURE,3047.0,2531,3048.0,465,NOTHING
08:38:08,ESX-FUTURE,3047.0,1806,3047.0,1190,NOTHING
08:38:09,ESX-FUTURE,3047.0,1794,3047.0,1202,NOTHING
08:38:10,ESX-FUTURE,3047.0,1772,3047.0,1224,NOTHING
08:38:11,ESX-FUTURE,3047.0,1540,3047.0,1456,NOTHING
08:38:12,ESX-FUTURE,3047.0,1849,3047.0,1147,NOTHING
08:38:12,ESX-FUTURE,3047.0,1709,3047.0,1287,NOTHING
08:38:13,ESX-FUTURE,3047.0,2514,3047.0,482,NOTHING
08:38:14,ESX-FUTURE,3047.0,1156,3047.0,1840,NOTHING
08:38:15,ESX-FUTURE,3047.0,1091,3047.0,1905,NOTHING
08:38:16,ESX-FUTURE,3047.0,2796,3047.0,200,NOTHING
08:38:17,ESX-FUTURE,3047.0,1805,3047.0,1191,NOTHING
08:38:18,ESX-FUTURE,3046.0,1732,3046.0,1264,NOTHING
08:38:19,ESX-FUTURE,3046.0,2625,3046.0,371,NOTHING
08:38:21,ESX-FUTURE,3046.0,1993,3046.0,1003,NOTHING
08:38:22,ESX-FUTURE,3046.0,167,3046.0,2829,NOTHING
08:38:23,ESX-FUTURE,3046.0,8,3046.0,2988,NOTHING
08:38:23,ESX-FUTURE,3045.0,562,3045.0,2434,NOTHING
08:38:25,ESX-FUTURE,3045.0,877,3045.0,2119,NOTHING
08:38:26,ESX-FUTURE,3045.0,2873,3046.0,123,NOTHING
08:38:27,ESX-FUTURE,3045.0,1951,3045.0,1045,NOTHING
08:38:29,ESX-FUTURE,3045.0,2064,3045.0,932,NOTHING
08:38:30,ESX-FUTURE,3045.0,1625,3045.0,1371,NOTHING
08:38:31,ESX-FUTURE,3046.0,1219,3046.0,1777,NOTHING
08:38:31,ESX-FUTURE,3046.0,1927,3046.0,1069,NOTHING
08:38:34,ESX-FUTURE,3046.0,1393,3046.0,1603,NOTHING
08:38:35,ESX-FUTURE,3046.0,1873,3046.0,1123,NOTHING
08:38:36,ESX-FUTURE,3044.0,2057,3044.0,939,NOTHING
08:38:36,ESX-FUTURE,3044.0,243,3044.0,2753,NOTHING
08:38:37,ESX-FUTURE,3044.0,759,3044.0,2237,NOTHING
08:38:39,ESX-FUTURE,3044.0,1552,3044.0,1444,NOTHING
08:38:39,ESX-FUTURE,3044.0,1556,3044.0,1440,NOTHING
08:38:40,ESX-FUTURE,3044.0,187,3044.0,2809,NOTHING
08:38:41,ESX-FUTURE,3044.0,1881,3044.0,1115,NOTHING
08:38:43,ESX-FUTURE,3044.0,2552,3044.0,444,NOTHING
08:38:44,ESX-FUTURE,3044.0,2600,3044.0,396,NOTHING
08:38:46,ESX-FUTURE,3044.0,2580,3044.0,416,NOTHING
08:38:46,ESX-FUTURE,3044.0,2480,3044.0,516,NOTHING
08:38:47,ESX-FUTURE,3044.0,2678,3044.0,318,NOTHING
08:38:47,ESX-FUTURE,3044.0,2683,3044.0,313,NOTHING
08:38:48,ESX-FUTURE,3044.0,2686,3044.0,310,NOTHING
08:38:50,ESX-FUTURE,3044.0,2688,3044.0,308,NOTHING
08:38:51,ESX-FUTURE,3044.0,2689,3044.0,307,NOTHING
08:38:52,ESX-FUTURE,3044.0,2376,3044.0,620,NOTHING
08:38:54,ESX-FUTURE,3044.0,2643,3044.0,353,NOTHING
08:38:55,ESX-FUTURE,3044.0,2121,3044.0,875,NOTHING
08:38:56,ESX-FUTURE,3044.0,1969,3044.0,1027,NOTHING
08:38:58,ESX-FUTURE,3044.0,1695,3044.0,1301,NOTHING
08:38:59,ESX-FUTURE,3044.0,1865,3044.0,1131,NOTHING
08:39:00,ESX-FUTURE,3044.0,1645,3044.0,1351,NOTHING
08:39:02,ESX-FUTURE,3043.0,181,3044.0,2815,NOTHING
08:39:02,ESX-FUTURE,3043.0,520,3044.0,2476,NOTHING
08:39:03,ESX-FUTURE,3042.0,702,3042.0,2294,NOTHING
08:39:04,ESX-FUTURE,3042.0,2862,3042.0,134,NOTHING
08:39:06,ESX-FUTURE,3042.0,2321,3042.0,675,NOTHING
08:39:07,ESX-FUTURE,3042.0,656,3042.0,2340,NOTHING
08:39:07,ESX-FUTURE,3042.0,2550,3042.0,446,NOTHING
08:39:08,ESX-FUTURE,3042.0,1769,3042.0,1227,NOTHING
08:39:09,ESX-FUTURE,3042.0,1945,3042.0,1051,NOTHING
08:39:09,ESX-FUTURE,3042.0,819,3042.0,2177,NOTHING
08:39:10,ESX-FUTURE,3042.0,280,3042.0,2716,NOTHING
08:39:11,ESX-FUTURE,3042.0,1261,3042.0,1735,NOTHING
08:39:11,ESX-FUTURE,3042.0,688,3043.0,2308,NOTHING
08:39:12,ESX-FUTURE,3042.0,2912,3042.0,84,NOTHING
08:39:13,ESX-FUTURE,3042.0,1039,3042.0,1957,NOTHING
08:39:13,ESX-FUTURE,3042.0,992,3042.0,2004,NOTHING
08:39:15,ESX-FUTURE,3042.0,402,3042.0,2594,NOTHING
08:39:16,ESX-FUTURE,3042.0,2149,3042.0,847,NOTHING
08:39:17,ESX-FUTURE,3044.0,1007,3044.0,1989,NOTHING
08:39:18,ESX-FUTURE,3044.0,2,3044.0,2994,NOTHING
08:39:20,ESX-FUTURE,3045.0,1350,3045.0,1646,NOTHING
08:39:20,ESX-FUTURE,3045.0,1594,3045.0,1402,NOTHING
08:39:21,ESX-FUTURE,3045.0,1566,3045.0,1430,NOTHING
08:39:23,ESX-FUTURE,3045.0,1618,3045.0,1378,NOTHING
08:39:23,ESX-FUTURE,3045.0,1620,3045.0,1376,NOTHING
08:39:24,ESX-FUTURE,3045.0,1119,3045.0,1877,NOTHING
08:39:25,ESX-FUTURE,3045.0,1945,3045.0,1051,NOTHING
08:39:26,ESX-FUTURE,3045.0,1939,3045.0,1057,NOTHING
08:39:27,ESX-FUTURE,3044.0,1043,3045.0,1953,NOTHING
08:39:28,ESX-FUTURE,3044.0,987,3045.0,2009,NOTHING
08:39:28,ESX-FUTURE,3044.0,1319,3045.0,1677,NOTHING
08:39:29,ESX-FUTURE,3044.0,1411,3044.0,1585,NOTHING
08:39:29,ESX-FUTURE,3044.0,1363,3044.0,1633,NOTHING
08:39:30,ESX-FUTURE,3045.0,731,3045.0,2265,NOTHING
08:39:31,ESX-FUTURE,3044.0,2044,3045.0,952,NOTHING
08:39:32,ESX-FUTURE,3044.0,1890,3045.0,1106,NOTHING
08:39:33,ESX-FUTURE,3044.0,1093,3045.0,1903,NOTHING
08:39:34,ESX-FUTURE,3044.0,308,3044.0,2688,NOTHING
08:39:35,ESX-FUTURE,3044.0,217,3045.0,2779,NOTHING
08:39:35,ESX-FUTURE,3044.0,66,3045.0,2930,NOTHING
08:39:36,ESX-FUTURE,3044.0,433,3045.0,2563,NOTHING
08:39:37,ESX-FUTURE,3044.0,1538,3045.0,1458,NOTHING
08:39:39,ESX-FUTURE,3044.0,442,3045.0,2554,NOTHING
08:39:39,ESX-FUTURE,3046.0,360,3046.0,2636,NOTHING
08:39:40,ESX-FUTURE,3046.0,780,3046.0,2216,NOTHING
08:39:41,ESX-FUTURE,3046.0,529,3046.0,2467,NOTHING
08:39:41,ESX-FUTURE,3046.0,2564,3046.0,432,NOTHING
08:39:43,ESX-FUTURE,3048.0,57,3049.0,2939,NOTHING
08:39:44,ESX-FUTURE,3048.0,1209,3048.0,1787,NOTHING
08:39:44,ESX-FUTURE,3048.0,784,3048.0,2212,NOTHING
08:39:44,ESX-FUTURE,3047.0,2679,3048.0,317,NOTHING
08:39:45,ESX-FUTURE,3047.0,2571,3047.0,425,NOTHING
08:39:45,ESX-FUTURE,3047.0,2188,3047.0,808,NOTHING
08:39:46,ESX-FUTURE,3047.0,2041,3047.0,955,NOTHING
08:39:47,ESX-FUTURE,3047.0,751,3047.0,2245,NOTHING
08:39:48,ESX-FUTURE,3047.0,1203,3047.0,1793,NOTHING
08:39:49,ESX-FUTURE,3047.0,1150,3047.0,1846,NOTHING
08:39:51,ESX-FUTURE,3048.0,731,3048.0,2265,NOTHING
08:39:52,ESX-FUTURE,3046.0,1807,3047.0,1189,NOTHING
08:39:53,ESX-FUTURE,3046.0,77,3047.0,2919,NOTHING
08:39:53,ESX-FUTURE,3046.0,226,3047.0,2770,NOTHING
08:39:54,ESX-FUTURE,3046.0,1950,3046.0,1046,NOTHING
08:39:55,ESX-FUTURE,3046.0,2384,3046.0,612,NOTHING
08:39:57,ESX-FUTURE,3046.0,2103,3046.0,893,NOTHING
08:39:58,ESX-FUTURE,3046.0,95,3046.0,2901,NOTHING
08:39:58,ESX-FUTURE,3046.0,1342,3046.0,1654,NOTHING
08:40:00,ESX-FUTURE,3047.0,606,3047.0,2390,NOTHING
08:40:01,ESX-FUTURE,3047.0,624,3047.0,2372,NOTHING
08:40:03,ESX-FUTURE,3043.0,1375,3044.0,1621,NOTHING
08:40:04,ESX-FUTURE,3043.0,1368,3044.0,1628,NOTHING
08:40:05,ESX-FUTURE,3043.0,2663,3044.0,333,NOTHING
08:40:07,ESX-FUTURE,3046.0,30,3046.0,2966,NOTHING
08:40:07,ESX-FUTURE,3046.0,559,3046.0,2437,NOTHING
08:40:09,ESX-FUTURE,3046.0,581,3046.0,2415,NOTHING
08:40:11,ESX-FUTURE,3046.0,848,3046.0,2148,NOTHING
08:40:12,ESX-FUTURE,3046.0,2957,3046.0,39,NOTHING
08:40:13,ESX-FUTURE,3046.0,2664,3046.0,332,NOTHING
08:40:15,ESX-FUTURE,3046.0,34,3046.0,2962,NOTHING
08:40:16,ESX-FUTURE,3045.0,1757,3045.0,1239,NOTHING
08:40:16,ESX-FUTURE,3045.0,2600,3045.0,396,NOTHING
08:40:17,ESX-FUTURE,3045.0,428,3045.0,2568,NOTHING
08:40:17,ESX-FUTURE,3049.0,657,3049.0,2339,NOTHING
08:40:18,ESX-FUTURE,3049.0,745,3049.0,2251,NOTHING
08:40:19,ESX-FUTURE,3048.0,1537,3049.0,1459,NOTHING
08:40:20,ESX-FUTURE,3048.0,2877,3048.0,119,NOTHING
08:40:21,ESX-FUTURE,3048.0,2980,3048.0,16,NOTHING
08:40:22,ESX-FUTURE,3048.0,17,3048.0,2979,NOTHING
08:40:24,ESX-FUTURE,3048.0,18,3048.0,2978,NOTHING
08:40:25,ESX-FUTURE,3048.0,2289,3048.0,707,NOTHING
08:40:26,ESX-FUTURE,3048.0,2289,3048.0,707,NOTHING
08:40:27,ESX-FUTURE,3048.0,304,3048.0,2692,NOTHING
08:40:28,ESX-FUTURE,3048.0,2027,3048.0,969,NOTHING
08:40:28,ESX-FUTURE,3048.0,790,3048.0,2206,NOTHING
08:40:29,ESX-FUTURE,3048.0,2248,3048.0,748,NOTHING
08:40:29,ESX-FUTURE,3049.0,2596,3049.0,400,NOTHING
08:40:30,ESX-FUTURE,3049.0,1540,3049.0,1456,NOTHING
08:40:31,ESX-FUTURE,3048.0,2170,3049.0,826,NOTHING
08:40:33,ESX-FUTURE,3048.0,586,3049.0,2410,NOTHING
08:40:33,ESX-FUTURE,3049.0,874,3049.0,2122,NOTHING
08:40:34,ESX-FUTURE,3049.0,886,3049.0,2110,NOTHING
08:40:34,ESX-FUTURE,3048.0,1219,3048.0,1777,NOTHING
08:40:35,ESX-FUTURE,3048.0,1265,3048.0,1731,NOTHING
08:40:35,ESX-FUTURE,3048.0,502,3048.0,2494,NOTHING
08:40:37,ESX-FUTURE,3049.0,2172,3049.0,824,NOTHING
08:40:38,ESX-FUTURE,3049.0,2172,3049.0,824,NOTHING
08:40:40,ESX-FUTURE,3049.0,2440,3049.0,556,NOTHING
08:40:40,ESX-FUTURE,3049.0,2422,3049.0,574,NOTHING
08:40:42,ESX-FUTURE,3048.0,1792,3049.0,1204,NOTHING
08:40:43,ESX-FUTURE,3048.0,1823,3049.0,1173,NOTHING
08:40:43,ESX-FUTURE,3048.0,1984,3049.0,1012,NOTHING
08:40:44,ESX-FUTURE,3048.0,1829,3049.0,1167,NOTHING
08:40:45,ESX-FUTURE,3048.0,2363,3049.0,633,NOTHING
08:40:46,ESX-FUTURE,3048.0,2366,3049.0,630,NOTHING
08:40:47,ESX-FUTURE,3048.0,1190,3049.0,1806,NOTHING
08:40:48,ESX-FUTURE,3049.0,2627,3049.0,369,NOTHING
08:40:49,ESX-FUTURE,3049.0,1875,3050.0,1121,NOTHING
08:40:51,ESX-FUTURE,3049.0,2144,3049.0,852,NOTHING
08:40:51,ESX-FUTURE,3049.0,2266,3050.0,730,NOTHING
08:40:54,ESX-FUTURE,3048.0,371,3048.0,2625,NOTHING
08:40:55,ESX-FUTURE,3048.0,2234,3048.0,762,NOTHING
08:40:56,ESX-FUTURE,3048.0,2235,3048.0,761,NOTHING
08:40:58,ESX-FUTURE,3048.0,2379,3048.0,617,NOTHING
08:40:59,ESX-FUTURE,3048.0,2381,3048.0,615,NOTHING
08:41:00,ESX-FUTURE,3047.0,1383,3047.0,1613,NOTHING
08:41:01,ESX-FUTURE,3047.0,285,3047.0,2711,NOTHING
08:41:02,ESX-FUTURE,3047.0,280,3047.0,2716,NOTHING
08:41:03,ESX-FUTURE,3050.0,2587,3051.0,409,NOTHING
08:41:03,ESX-FUTURE,3050.0,2285,3051.0,711,NOTHING
08:41:05,ESX-FUTURE,3053.0,315,3053.0,2681,NOTHING
08:41:06,ESX-FUTURE,3053.0,2551,3053.0,445,NOTHING
08:41:08,ESX-FUTURE,3053.0,2733,3053.0,263,NOTHING
08:41:09,ESX-FUTURE,3053.0,2732,3053.0,264,NOTHING
08:41:11,ESX-FUTURE,3053.0,2459,3053.0,537,NOTHING
08:41:12,ESX-FUTURE,3054.0,336,3054.0,2660,NOTHING
08:41:13,ESX-FUTURE,3054.0,333,3054.0,2663,NOTHING
08:41:14,ESX-FUTURE,3054.0,423,3054.0,2573,NOTHING
08:41:15,ESX-FUTURE,3052.0,1482,3053.0,1514,NOTHING
08:41:16,ESX-FUTURE,3053.0,2515,3053.0,481,NOTHING
08:41:17,ESX-FUTURE,3053.0,2345,3053.0,651,NOTHING
08:41:18,ESX-FUTURE,3053.0,557,3053.0,2439,NOTHING
08:41:20,ESX-FUTURE,3053.0,598,3053.0,2398,NOTHING
08:41:21,ESX-FUTURE,3053.0,724,3053.0,2272,NOTHING
08:41:22,ESX-FUTURE,3052.0,2629,3052.0,367,NOTHING
08:41:23,ESX-FUTURE,3051.0,1604,3052.0,1392,NOTHING
08:41:24,ESX-FUTURE,3052.0,910,3052.0,2086,NOTHING
08:41:25,ESX-FUTURE,3052.0,1308,3052.0,1688,NOTHING
08:41:26,ESX-FUTURE,3052.0,1856,3052.0,1140,NOTHING
08:41:27,ESX-FUTURE,3052.0,1854,3052.0,1142,NOTHING
08:41:28,ESX-FUTURE,3052.0,2510,3053.0,486,NOTHING
08:41:30,ESX-FUTURE,3052.0,1478,3052.0,1518,NOTHING
08:41:30,ESX-FUTURE,3050.0,889,3050.0,2107,NOTHING
08:41:31,ESX-FUTURE,3050.0,889,3050.0,2107,NOTHING
08:41:33,ESX-FUTURE,3050.0,110,3050.0,2886,NOTHING
08:41:33,ESX-FUTURE,3050.0,68,3050.0,2928,NOTHING
08:41:35,ESX-FUTURE,3050.0,69,3050.0,2927,NOTHING
08:41:35,ESX-FUTURE,3050.0,71,3050.0,2925,NOTHING
08:41:36,ESX-FUTURE,3050.0,72,3050.0,2924,NOTHING
08:41:37,ESX-FUTURE,3050.0,432,3050.0,2564,NOTHING
08:41:39,ESX-FUTURE,3050.0,1226,3050.0,1770,NOTHING
08:41:39,ESX-FUTURE,3050.0,1300,3050.0,1696,NOTHING
08:41:40,ESX-FUTURE,3050.0,1342,3050.0,1654,NOTHING
08:41:40,ESX-FUTURE,3050.0,1101,3050.0,1895,NOTHING
08:41:41,ESX-FUTURE,3050.0,1100,3050.0,1896,NOTHING
08:41:41,ESX-FUTURE,3050.0,2321,3050.0,675,NOTHING
08:41:43,ESX-FUTURE,3050.0,1280,3050.0,1716,NOTHING
08:41:43,ESX-FUTURE,3049.0,456,3049.0,2540,NOTHING
08:41:44,ESX-FUTURE,3049.0,1886,3049.0,1110,NOTHING
08:41:45,ESX-FUTURE,3050.0,944,3050.0,2052,NOTHING
08:41:47,ESX-FUTURE,3050.0,2209,3050.0,787,NOTHING
08:41:47,ESX-FUTURE,3049.0,1813,3049.0,1183,NOTHING
08:41:49,ESX-FUTURE,3049.0,981,3049.0,2015,NOTHING
08:41:50,ESX-FUTURE,3049.0,1911,3049.0,1085,NOTHING
08:41:50,ESX-FUTURE,3046.0,937,3046.0,2059,NOTHING
08:41:52,ESX-FUTURE,3046.0,767,3046.0,2229,NOTHING
08:41:53,ESX-FUTURE,3046.0,997,3046.0,1999,NOTHING
08:41:54,ESX-FUTURE,3046.0,963,3046.0,2033,NOTHING
08:41:55,ESX-FUTURE,3046.0,899,3046.0,2097,NOTHING
08:41:56,ESX-FUTURE,3046.0,869,3046.0,2127,NOTHING
08:41:56,ESX-FUTURE,3046.0,861,3046.0,2135,NOTHING
08:41:58,ESX-FUTURE,3046.0,879,3046.0,2117,NOTHING
08:41:59,ESX-FUTURE,3046.0,868,3046.0,2128,NOTHING
08:41:59,ESX-FUTURE,3046.0,1140,3047.0,1856,NOTHING
08:42:00,ESX-FUTURE,3047.0,522,3047.0,2474,NOTHING
08:42:02,ESX-FUTURE,3047.0,2250,3047.0,746,NOTHING
08:42:03,ESX-FUTURE,3047.0,2350,3047.0,646,NOTHING
08:42:04,ESX-FUTURE,3046.0,2838,3047.0,158,NOTHING
08:42:05,ESX-FUTURE,3047.0,2958,3047.0,38,NOTHING
08:42:07,ESX-FUTURE,3047.0,2706,3047.0,290,NOTHING
08:42:08,ESX-FUTURE,3047.0,2773,3047.0,223,NOTHING
08:42:10,ESX-FUTURE,3047.0,869,3048.0,2127,NOTHING
08:42:11,ESX-FUTURE,3048.0,2400,3048.0,596,NOTHING
08:42:13,ESX-FUTURE,3048.0,1602,3048.0,1394,NOTHING
08:42:14,ESX-FUTURE,3048.0,1576,3048.0,1420,NOTHING
08:42:15,ESX-FUTURE,3048.0,1465,3048.0,1531,NOTHING
08:42:15,ESX-FUTURE,3047.0,2983,3047.0,13,NOTHING
08:42:16,ESX-FUTURE,3047.0,558,3048.0,2438,NOTHING
08:42:18,ESX-FUTURE,3048.0,2939,3049.0,57,NOTHING
08:42:18,ESX-FUTURE,3048.0,2233,3049.0,763,NOTHING
08:42:18,ESX-FUTURE,3049.0,736,3049.0,2260,NOTHING
08:42:19,ESX-FUTURE,3049.0,2248,3049.0,748,NOTHING
08:42:20,ESX-FUTURE,3049.0,1377,3049.0,1619,NOTHING
08:42:21,ESX-FUTURE,3049.0,2532,3049.0,464,NOTHING
08:42:22,ESX-FUTURE,3049.0,1621,3049.0,1375,NOTHING
08:42:25,ESX-FUTURE,3049.0,2110,3049.0,886,NOTHING
08:42:25,ESX-FUTURE,3050.0,977,3050.0,2019,NOTHING
08:42:25,ESX-FUTURE,3050.0,214,3050.0,2782,NOTHING
08:42:27,ESX-FUTURE,3050.0,1298,3050.0,1698,NOTHING
08:42:28,ESX-FUTURE,3050.0,752,3050.0,2244,NOTHING
08:42:29,ESX-FUTURE,3050.0,1734,3050.0,1262,NOTHING
08:42:31,ESX-FUTURE,3050.0,1914,3050.0,1082,NOTHING
08:42:31,ESX-FUTURE,3050.0,652,3050.0,2344,NOTHING
08:42:32,ESX-FUTURE,3050.0,11,3050.0,2985,NOTHING
08:42:33,ESX-FUTURE,3050.0,318,3050.0,2678,NOTHING
08:42:36,ESX-FUTURE,3050.0,81,3050.0,2915,NOTHING
08:42:36,ESX-FUTURE,3050.0,1685,3050.0,1311,NOTHING
08:42:39,ESX-FUTURE,3049.0,1040,3050.0,1956,NOTHING
08:42:40,ESX-FUTURE,3049.0,2928,3049.0,68,NOTHING
08:42:41,ESX-FUTURE,3049.0,970,3050.0,2026,NOTHING
08:42:41,ESX-FUTURE,3049.0,1186,3050.0,1810,NOTHING
08:42:41,ESX-FUTURE,3050.0,187,3050.0,2809,NOTHING
08:42:42,ESX-FUTURE,3050.0,2919,3050.0,77,NOTHING
08:42:43,ESX-FUTURE,3050.0,2754,3050.0,242,NOTHING
08:42:44,ESX-FUTURE,3050.0,2176,3050.0,820,NOTHING
08:42:46,ESX-FUTURE,3050.0,1254,3051.0,1742,NOTHING
08:42:48,ESX-FUTURE,3051.0,2272,3051.0,724,NOTHING
08:42:48,ESX-FUTURE,3047.0,1556,3047.0,1440,NOTHING
08:42:50,ESX-FUTURE,3047.0,1858,3047.0,1138,NOTHING
08:42:51,ESX-FUTURE,3047.0,864,3047.0,2132,NOTHING
08:42:52,ESX-FUTURE,3045.0,1186,3046.0,1810,NOTHING
08:42:53,ESX-FUTURE,3046.0,354,3046.0,2642,NOTHING
08:42:54,ESX-FUTURE,3045.0,2145,3046.0,851,NOTHING
08:42:55,ESX-FUTURE,3045.0,1982,3046.0,1014,NOTHING
08:42:56,ESX-FUTURE,3046.0,1412,3046.0,1584,NOTHING
08:42:57,ESX-FUTURE,3045.0,1166,3046.0,1830,NOTHING
08:42:59,ESX-FUTURE,3045.0,793,3045.0,2203,NOTHING
08:43:01,ESX-FUTURE,3046.0,403,3046.0,2593,NOTHING
08:43:01,ESX-FUTURE,3045.0,2712,3045.0,284,NOTHING
08:43:03,ESX-FUTURE,3045.0,1511,3045.0,1485,NOTHING
08:43:04,ESX-FUTURE,3048.0,2421,3049.0,575,NOTHING
08:43:04,ESX-FUTURE,3048.0,1062,3049.0,1934,NOTHING
08:43:06,ESX-FUTURE,3048.0,1296,3049.0,1700,NOTHING
08:43:07,ESX-FUTURE,3048.0,1147,3048.0,1849,NOTHING
08:43:09,ESX-FUTURE,3048.0,1123,3048.0,1873,NOTHING
08:43:09,ESX-FUTURE,3048.0,2114,3048.0,882,NOTHING
08:43:10,ESX-FUTURE,3048.0,1728,3048.0,1268,NOTHING
08:43:12,ESX-FUTURE,3047.0,973,3048.0,2023,NOTHING
08:43:13,ESX-FUTURE,3047.0,2564,3048.0,432,NOTHING
08:43:14,ESX-FUTURE,3048.0,1668,3048.0,1328,NOTHING
08:43:14,ESX-FUTURE,3048.0,90,3048.0,2906,NOTHING
08:43:15,ESX-FUTURE,3048.0,1145,3048.0,1851,NOTHING
08:43:17,ESX-FUTURE,3048.0,2929,3048.0,67,NOTHING
08:43:18,ESX-FUTURE,3048.0,1000,3048.0,1996,NOTHING
08:43:19,ESX-FUTURE,3048.0,962,3048.0,2034,NOTHING
08:43:21,ESX-FUTURE,3048.0,235,3049.0,2761,NOTHING
08:43:22,ESX-FUTURE,3047.0,2637,3048.0,359,NOTHING
08:43:23,ESX-FUTURE,3047.0,2912,3047.0,84,NOTHING
08:43:23,ESX-FUTURE,3047.0,2824,3047.0,172,NOTHING
08:43:23,ESX-FUTURE,3047.0,329,3047.0,2667,NOTHING
08:43:24,ESX-FUTURE,3047.0,1619,3047.0,1377,NOTHING
08:43:24,ESX-FUTURE,3047.0,2971,3047.0,25,NOTHING
08:43:25,ESX-FUTURE,3047.0,2964,3047.0,32,NOTHING
08:43:26,ESX-FUTURE,3047.0,2762,3047.0,234,NOTHING
08:43:28,ESX-FUTURE,3047.0,647,3047.0,2349,NOTHING
08:43:29,ESX-FUTURE,3047.0,725,3047.0,2271,NOTHING
08:43:29,ESX-FUTURE,3047.0,1308,3047.0,1688,NOTHING
08:43:30,ESX-FUTURE,3049.0,17,3049.0,2979,NOTHING
08:43:31,ESX-FUTURE,3049.0,2372,3049.0,624,NOTHING
08:43:31,ESX-FUTURE,3051.0,748,3051.0,2248,NOTHING
08:43:33,ESX-FUTURE,3051.0,2323,3051.0,673,NOTHING
08:43:34,ESX-FUTURE,3051.0,2692,3051.0,304,NOTHING
08:43:34,ESX-FUTURE,3051.0,2207,3051.0,789,NOTHING
08:43:35,ESX-FUTURE,3050.0,422,3051.0,2574,NOTHING
08:43:37,ESX-FUTURE,3051.0,2742,3051.0,254,NOTHING
08:43:38,ESX-FUTURE,3050.0,1680,3050.0,1316,NOTHING
08:43:38,ESX-FUTURE,3049.0,423,3050.0,2573,NOTHING
08:43:38,ESX-FUTURE,3049.0,1109,3049.0,1887,NOTHING
08:43:38,ESX-FUTURE,3049.0,999,3049.0,1997,NOTHING
08:43:38,ESX-FUTURE,3049.0,341,3049.0,2655,NOTHING
08:43:39,ESX-FUTURE,3048.0,2204,3048.0,792,NOTHING
08:43:39,ESX-FUTURE,3049.0,192,3049.0,2804,NOTHING
08:43:40,ESX-FUTURE,3048.0,2618,3049.0,378,NOTHING
08:43:42,ESX-FUTURE,3049.0,751,3049.0,2245,NOTHING
08:43:44,ESX-FUTURE,3050.0,1299,3050.0,1697,NOTHING
08:43:45,ESX-FUTURE,3050.0,24,3050.0,2972,NOTHING
08:43:45,ESX-FUTURE,3050.0,39,3050.0,2957,NOTHING
08:43:46,ESX-FUTURE,3050.0,568,3050.0,2428,NOTHING
08:43:46,ESX-FUTURE,3050.0,583,3050.0,2413,NOTHING
08:43:48,ESX-FUTURE,3050.0,941,3050.0,2055,NOTHING
08:43:49,ESX-FUTURE,3051.0,1505,3051.0,1491,NOTHING
08:43:50,ESX-FUTURE,3051.0,982,3051.0,2014,NOTHING
08:43:51,ESX-FUTURE,3051.0,727,3051.0,2269,NOTHING
08:43:52,ESX-FUTURE,3050.0,1718,3051.0,1278,NOTHING
08:43:54,ESX-FUTURE,3050.0,1218,3051.0,1778,NOTHING
08:43:55,ESX-FUTURE,3051.0,1795,3051.0,1201,NOTHING
08:43:56,ESX-FUTURE,3051.0,721,3051.0,2275,NOTHING
08:43:57,ESX-FUTURE,3051.0,2605,3051.0,391,NOTHING
08:43:58,ESX-FUTURE,3051.0,2479,3051.0,517,NOTHING
08:43:58,ESX-FUTURE,3051.0,1897,3051.0,1099,NOTHING
08:44:00,ESX-FUTURE,3055.0,2712,3055.0,284,NOTHING
08:44:01,ESX-FUTURE,3055.0,1164,3055.0,1832,NOTHING
08:44:02,ESX-FUTURE,3055.0,111,3055.0,2885,NOTHING
08:44:02,ESX-FUTURE,3055.0,68,3055.0,2928,NOTHING
08:44:03,ESX-FUTURE,3055.0,1061,3055.0,1935,NOTHING
08:44:04,ESX-FUTURE,3055.0,843,3055.0,2153,NOTHING
08:44:04,ESX-FUTURE,3059.0,428,3059.0,2568,NOTHING
08:44:05,ESX-FUTURE,3059.0,994,3059.0,2002,NOTHING
08:44:06,ESX-FUTURE,3062.0,1544,3062.0,1452,NOTHING
08:44:07,ESX-FUTURE,3062.0,179,3062.0,2817,NOTHING
08:44:08,ESX-FUTURE,3062.0,114,3062.0,2882,NOTHING
08:44:09,ESX-FUTURE,3062.0,947,3062.0,2049,NOTHING
08:44:10,ESX-FUTURE,3062.0,804,3062.0,2192,NOTHING
08:44:11,ESX-FUTURE,3062.0,1491,3062.0,1505,NOTHING
08:44:12,ESX-FUTURE,3062.0,1365,3062.0,1631,NOTHING
08:44:13,ESX-FUTURE,3062.0,541,3062.0,2455,NOTHING
08:44:14,ESX-FUTURE,3062.0,1426,3062.0,1570,NOTHING
08:44:15,ESX-FUTURE,3062.0,1318,3062.0,1678,NOTHING
08:44:16,ESX-FUTURE,3062.0,1782,3062.0,1214,NOTHING
08:44:17,ESX-FUTURE,3062.0,8,3062.0,2988,NOTHING
08:44:18,ESX-FUTURE,3062.0,1314,3062.0,1682,NOTHING
08:44:19,ESX-FUTURE,3062.0,2234,3062.0,762,NOTHING
08:44:20,ESX-FUTURE,3062.0,2454,3062.0,542,NOTHING
08:44:21,ESX-FUTURE,3062.0,253,3062.0,2743,NOTHING
08:44:23,ESX-FUTURE,3062.0,415,3062.0,2581,NOTHING
08:44:23,ESX-FUTURE,3062.0,56,3062.0,2940,NOTHING
08:44:24,ESX-FUTURE,3062.0,2229,3062.0,767,NOTHING
08:44:26,ESX-FUTURE,3062.0,811,3062.0,2185,NOTHING
08:44:26,ESX-FUTURE,3062.0,1450,3062.0,1546,NOTHING
08:44:28,ESX-FUTURE,3062.0,2615,3062.0,381,NOTHING
08:44:29,ESX-FUTURE,3062.0,193,3062.0,2803,NOTHING
08:44:29,ESX-FUTURE,3061.0,1780,3061.0,1216,NOTHING
08:44:30,ESX-FUTURE,3061.0,839,3061.0,2157,NOTHING
08:44:31,ESX-FUTURE,3061.0,1044,3061.0,1952,NOTHING
08:44:32,ESX-FUTURE,3061.0,49,3061.0,2947,NOTHING
08:44:34,ESX-FUTURE,3061.0,2615,3061.0,381,NOTHING
08:44:34,ESX-FUTURE,3061.0,1378,3061.0,1618,NOTHING
08:44:35,ESX-FUTURE,3061.0,1161,3061.0,1835,NOTHING
08:44:35,ESX-FUTURE,3061.0,2580,3061.0,416,NOTHING
08:44:37,ESX-FUTURE,3061.0,710,3061.0,2286,NOTHING
08:44:37,ESX-FUTURE,3061.0,2943,3061.0,53,NOTHING
08:44:38,ESX-FUTURE,3061.0,2016,3061.0,980,NOTHING
08:44:39,ESX-FUTURE,3060.0,1850,3061.0,1146,NOTHING
08:44:40,ESX-FUTURE,3064.0,1272,3065.0,1724,NOTHING
08:44:41,ESX-FUTURE,3064.0,1273,3065.0,1723,NOTHING
08:44:42,ESX-FUTURE,3064.0,2621,3065.0,375,NOTHING
08:44:44,ESX-FUTURE,3067.0,2506,3067.0,490,NOTHING
08:44:46,ESX-FUTURE,3067.0,669,3067.0,2327,NOTHING
08:44:47,ESX-FUTURE,3067.0,828,3067.0,2168,NOTHING
08:44:47,ESX-FUTURE,3067.0,834,3067.0,2162,NOTHING
08:44:49,ESX-FUTURE,3067.0,885,3067.0,2111,NOTHING
08:44:50,ESX-FUTURE,3067.0,1086,3067.0,1910,NOTHING
08:44:50,ESX-FUTURE,3067.0,1083,3067.0,1913,NOTHING
08:44:51,ESX-FUTURE,3067.0,2874,3067.0,122,NOTHING
08:44:52,ESX-FUTURE,3067.0,2665,3067.0,331,NOTHING
08:44:53,ESX-FUTURE,3067.0,354,3067.0,2642,NOTHING
08:44:54,ESX-FUTURE,3067.0,1694,3067.0,1302,NOTHING
08:44:55,ESX-FUTURE,3067.0,1685,3067.0,1311,NOTHING
08:44:55,ESX-FUTURE,3067.0,1117,3067.0,1879,NOTHING
08:44:56,ESX-FUTURE,3067.0,1460,3067.0,1536,NOTHING
08:44:57,ESX-FUTURE,3067.0,1611,3067.0,1385,NOTHING
08:44:59,ESX-FUTURE,3067.0,1442,3067.0,1554,NOTHING
08:45:00,ESX-FUTURE,3067.0,1152,3067.0,1844,NOTHING
08:45:00,ESX-FUTURE,3070.0,884,3070.0,2112,NOTHING
08:45:01,ESX-FUTURE,3071.0,11,3071.0,2985,NOTHING
08:45:02,ESX-FUTURE,3071.0,2377,3071.0,619,NOTHING
08:45:03,ESX-FUTURE,3071.0,2371,3071.0,625,NOTHING
08:45:04,ESX-FUTURE,3071.0,2368,3071.0,628,NOTHING
08:45:05,ESX-FUTURE,3071.0,1733,3071.0,1263,NOTHING
08:45:07,ESX-FUTURE,3071.0,1529,3071.0,1467,NOTHING
08:45:08,ESX-FUTURE,3071.0,1538,3071.0,1458,NOTHING
08:45:09,ESX-FUTURE,3072.0,835,3072.0,2161,NOTHING
08:45:09,ESX-FUTURE,3072.0,849,3072.0,2147,NOTHING
08:45:10,ESX-FUTURE,3072.0,663,3072.0,2333,NOTHING
08:45:12,ESX-FUTURE,3072.0,1434,3072.0,1562,NOTHING
08:45:12,ESX-FUTURE,3073.0,713,3073.0,2283,NOTHING
08:45:13,ESX-FUTURE,3073.0,713,3073.0,2283,NOTHING
08:45:14,ESX-FUTURE,3073.0,536,3073.0,2460,NOTHING
08:45:15,ESX-FUTURE,3071.0,2691,3072.0,305,NOTHING
08:45:16,ESX-FUTURE,3070.0,599,3070.0,2397,NOTHING
08:45:17,ESX-FUTURE,3070.0,1945,3070.0,1051,NOTHING
08:45:18,ESX-FUTURE,3070.0,2890,3070.0,106,NOTHING
08:45:20,ESX-FUTURE,3070.0,214,3070.0,2782,NOTHING
08:45:21,ESX-FUTURE,3070.0,128,3070.0,2868,NOTHING
08:45:22,ESX-FUTURE,3070.0,1381,3070.0,1615,NOTHING
08:45:24,ESX-FUTURE,3071.0,598,3071.0,2398,NOTHING
08:45:24,ESX-FUTURE,3071.0,1656,3071.0,1340,NOTHING
08:45:25,ESX-FUTURE,3071.0,754,3071.0,2242,NOTHING
08:45:26,ESX-FUTURE,3071.0,2587,3071.0,409,NOTHING
08:45:27,ESX-FUTURE,3071.0,2386,3071.0,610,NOTHING
08:45:28,ESX-FUTURE,3071.0,374,3071.0,2622,NOTHING
08:45:29,ESX-FUTURE,3071.0,1791,3071.0,1205,NOTHING
08:45:29,ESX-FUTURE,3072.0,2293,3072.0,703,NOTHING
08:45:31,ESX-FUTURE,3072.0,1871,3072.0,1125,NOTHING
08:45:31,ESX-FUTURE,3072.0,2271,3072.0,725,NOTHING
08:45:32,ESX-FUTURE,3072.0,1657,3072.0,1339,NOTHING
08:45:32,ESX-FUTURE,3072.0,60,3072.0,2936,NOTHING
08:45:34,ESX-FUTURE,3074.0,963,3074.0,2033,NOTHING
08:45:36,ESX-FUTURE,3075.0,2315,3075.0,681,NOTHING
08:45:38,ESX-FUTURE,3075.0,2315,3075.0,681,NOTHING
08:45:39,ESX-FUTURE,3074.0,2612,3075.0,384,NOTHING
08:45:40,ESX-FUTURE,3075.0,1504,3075.0,1492,NOTHING
08:45:41,ESX-FUTURE,3075.0,564,3076.0,2432,NOTHING
08:45:42,ESX-FUTURE,3075.0,1192,3076.0,1804,NOTHING
08:45:43,ESX-FUTURE,3078.0,1525,3078.0,1471,NOTHING
08:45:43,ESX-FUTURE,3078.0,705,3078.0,2291,NOTHING
08:45:43,ESX-FUTURE,3078.0,1794,3078.0,1202,NOTHING
08:45:43,ESX-FUTURE,3078.0,2123,3078.0,873,NOTHING
08:45:44,ESX-FUTURE,3078.0,15,3078.0,2981,NOTHING
08:45:45,ESX-FUTURE,3078.0,1639,3078.0,1357,NOTHING
08:45:46,ESX-FUTURE,3078.0,464,3078.0,2532,NOTHING
08:45:47,ESX-FUTURE,3078.0,1101,3078.0,1895,NOTHING
08:45:48,ESX-FUTURE,3078.0,1806,3078.0,1190,NOTHING
08:45:48,ESX-FUTURE,3078.0,645,3078.0,2351,NOTHING
08:45:50,ESX-FUTURE,3078.0,2388,3078.0,608,NOTHING
08:45:51,ESX-FUTURE,3078.0,1714,3078.0,1282,NOTHING
08:45:52,ESX-FUTURE,3078.0,1716,3078.0,1280,NOTHING
08:45:54,ESX-FUTURE,3078.0,1392,3078.0,1604,NOTHING
08:45:54,ESX-FUTURE,3078.0,1238,3079.0,1758,NOTHING
08:45:56,ESX-FUTURE,3079.0,294,3079.0,2702,NOTHING
08:45:57,ESX-FUTURE,3079.0,247,3080.0,2749,NOTHING
08:45:57,ESX-FUTURE,3080.0,2553,3080.0,443,NOTHING
08:45:58,ESX-FUTURE,3080.0,1084,3081.0,1912,NOTHING
08:45:59,ESX-FUTURE,3080.0,989,3081.0,2007,NOTHING
08:46:01,ESX-FUTURE,3080.0,1228,3081.0,1768,NOTHING
08:46:02,ESX-FUTURE,3080.0,1662,3081.0,1334,NOTHING
08:46:03,ESX-FUTURE,3080.0,1594,3080.0,1402,NOTHING
08:46:04,ESX-FUTURE,3080.0,1422,3080.0,1574,NOTHING
08:46:05,ESX-FUTURE,3080.0,324,3080.0,2672,NOTHING
08:46:05,ESX-FUTURE,3080.0,1081,3080.0,1915,NOTHING
08:46:05,ESX-FUTURE,3081.0,588,3081.0,2408,NOTHING
08:46:06,ESX-FUTURE,3081.0,784,3081.0,2212,NOTHING
08:46:06,ESX-FUTURE,3081.0,866,3081.0,2130,NOTHING
08:46:07,ESX-FUTURE,3081.0,1424,3081.0,1572,NOTHING
08:46:09,ESX-FUTURE,3080.0,2182,3081.0,814,NOTHING
08:46:09,ESX-FUTURE,3080.0,2036,3081.0,960,NOTHING
08:46:10,ESX-FUTURE,3080.0,2059,3081.0,937,NOTHING
08:46:12,ESX-FUTURE,3081.0,388,3081.0,2608,NOTHING
08:46:13,ESX-FUTURE,3081.0,1781,3081.0,1215,NOTHING
08:46:13,ESX-FUTURE,3081.0,2018,3081.0,978,NOTHING
08:46:14,ESX-FUTURE,3081.0,2862,3081.0,134,NOTHING
08:46:15,ESX-FUTURE,3081.0,2967,3081.0,29,NOTHING
08:46:16,ESX-FUTURE,3081.0,2920,3081.0,76,NOTHING
08:46:17,ESX-FUTURE,3081.0,1662,3081.0,1334,NOTHING
08:46:18,ESX-FUTURE,3081.0,1795,3081.0,1201,NOTHING
08:46:19,ESX-FUTURE,3081.0,541,3081.0,2455,NOTHING
08:46:19,ESX-FUTURE,3081.0,2676,3081.0,320,NOTHING
08:46:20,ESX-FUTURE,3081.0,2868,3081.0,128,NOTHING
08:46:22,ESX-FUTURE,3081.0,26,3081.0,2970,NOTHING
08:46:23,ESX-FUTURE,3079.0,1253,3079.0,1743,NOTHING
08:46:24,ESX-FUTURE,3079.0,1319,3079.0,1677,NOTHING
08:46:25,ESX-FUTURE,3079.0,2966,3079.0,30,NOTHING
08:46:26,ESX-FUTURE,3079.0,2724,3079.0,272,NOTHING
08:46:28,ESX-FUTURE,3079.0,994,3079.0,2002,NOTHING
08:46:29,ESX-FUTURE,3080.0,1222,3080.0,1774,NOTHING
08:46:30,ESX-FUTURE,3080.0,552,3080.0,2444,NOTHING
08:46:32,ESX-FUTURE,3080.0,2569,3080.0,427,NOTHING
08:46:33,ESX-FUTURE,3080.0,1194,3080.0,1802,NOTHING
08:46:34,ESX-FUTURE,3080.0,1368,3080.0,1628,NOTHING
08:46:35,ESX-FUTURE,3080.0,815,3080.0,2181,NOTHING
08:46:37,ESX-FUTURE,3080.0,163,3081.0,2833,NOTHING
08:46:38,ESX-FUTURE,3079.0,1450,3080.0,1546,NOTHING
08:46:40,ESX-FUTURE,3079.0,1168,3080.0,1828,NOTHING
08:46:41,ESX-FUTURE,3079.0,1282,3080.0,1714,NOTHING
08:46:42,ESX-FUTURE,3079.0,1283,3080.0,1713,NOTHING
08:46:43,ESX-FUTURE,3079.0,1299,3080.0,1697,NOTHING
08:46:45,ESX-FUTURE,3079.0,1268,3080.0,1728,NOTHING
08:46:46,ESX-FUTURE,3079.0,2909,3079.0,87,NOTHING
08:46:47,ESX-FUTURE,3079.0,1203,3080.0,1793,NOTHING
08:46:48,ESX-FUTURE,3079.0,1054,3080.0,1942,NOTHING
08:46:48,ESX-FUTURE,3079.0,2096,3080.0,900,NOTHING
08:46:50,ESX-FUTURE,3079.0,2194,3080.0,802,NOTHING
08:46:51,ESX-FUTURE,3079.0,406,3080.0,2590,NOTHING
08:46:51,ESX-FUTURE,3079.0,384,3080.0,2612,NOTHING
08:46:53,ESX-FUTURE,3080.0,725,3080.0,2271,NOTHING
08:46:55,ESX-FUTURE,3079.0,706,3080.0,2290,NOTHING
08:46:57,ESX-FUTURE,3079.0,216,3080.0,2780,NOTHING
08:46:58,ESX-FUTURE,3079.0,1238,3079.0,1758,NOTHING
08:46:58,ESX-FUTURE,3079.0,2748,3079.0,248,NOTHING
08:46:59,ESX-FUTURE,3081.0,469,3082.0,2527,NOTHING
08:46:59,ESX-FUTURE,3081.0,1226,3082.0,1770,NOTHING
08:47:00,ESX-FUTURE,3082.0,223,3082.0,2773,SELL
08:47:01,ESX-FUTURE,3082.0,249,3082.0,2747,SELL
08:47:03,ESX-FUTURE,3082.0,615,3082.0,2381,SELL
08:47:03,ESX-FUTURE,3084.0,27,3084.0,2969,SELL
08:47:04,ESX-FUTURE,3084.0,112,3084.0,2884,SELL
08:47:06,ESX-FUTURE,3084.0,1879,3084.0,1117,SELL
08:47:07,ESX-FUTURE,3084.0,1857,3084.0,1139,SELL
08:47:07,ESX-FUTURE,3084.0,204,3084.0,2792,SELL
08:47:08,ESX-FUTURE,3083.0,1326,3084.0,1670,SELL
08:47:09,ESX-FUTURE,3084.0,713,3084.0,2283,SELL
08:47:10,ESX-FUTURE,3083.0,2783,3084.0,213,SELL
08:47:11,ESX-FUTURE,3084.0,833,3084.0,2163,SELL
08:47:12,ESX-FUTURE,3083.0,128,3084.0,2868,SELL
08:47:13,ESX-FUTURE,3083.0,2143,3084.0,853,SELL
08:47:14,ESX-FUTURE,3084.0,1883,3085.0,1113,SELL
08:47:15,ESX-FUTURE,3084.0,176,3085.0,2820,SELL
08:47:16,ESX-FUTURE,3084.0,1303,3084.0,1693,SELL
08:47:17,ESX-FUTURE,3084.0,1450,3084.0,1546,SELL
08:47:19,ESX-FUTURE,3085.0,8,3085.0,2988,SELL
08:47:20,ESX-FUTURE,3086.0,1132,3086.0,1864,SELL
08:47:20,ESX-FUTURE,3086.0,2742,3086.0,254,SELL
08:47:21,ESX-FUTURE,3086.0,2284,3086.0,712,SELL
08:47:22,ESX-FUTURE,3086.0,1731,3086.0,1265,SELL
08:47:22,ESX-FUTURE,3086.0,993,3086.0,2003,SELL
08:47:23,ESX-FUTURE,3085.0,2144,3085.0,852,SELL
08:47:24,ESX-FUTURE,3085.0,2000,3085.0,996,SELL
08:47:24,ESX-FUTURE,3085.0,2151,3085.0,845,SELL
08:47:25,ESX-FUTURE,3085.0,1257,3085.0,1739,SELL
08:47:26,ESX-FUTURE,3085.0,273,3085.0,2723,SELL
08:47:28,ESX-FUTURE,3085.0,263,3085.0,2733,SELL
08:47:29,ESX-FUTURE,3085.0,396,3085.0,2600,SELL
08:47:30,ESX-FUTURE,3085.0,348,3085.0,2648,SELL
08:47:31,ESX-FUTURE,3085.0,349,3085.0,2647,SELL
08:47:32,ESX-FUTURE,3085.0,58,3085.0,2938,SELL
08:47:33,ESX-FUTURE,3085.0,1029,3085.0,1967,SELL
08:47:34,ESX-FUTURE,3085.0,1044,3085.0,1952,SELL
08:47:35,ESX-FUTURE,3085.0,990,3085.0,2006,SELL
08:47:37,ESX-FUTURE,3085.0,2498,3085.0,498,SELL
08:47:38,ESX-FUTURE,3085.0,2694,3085.0,302,SELL
08:47:39,ESX-FUTURE,3085.0,2675,3085.0,321,SELL
08:47:40,ESX-FUTURE,3085.0,1878,3086.0,1118,SELL
08:47:42,ESX-FUTURE,3085.0,1512,3086.0,1484,SELL
08:47:43,ESX-FUTURE,3085.0,2974,3085.0,22,SELL
08:47:43,ESX-FUTURE,3085.0,651,3085.0,2345,SELL
08:47:44,ESX-FUTURE,3085.0,645,3085.0,2351,SELL
08:47:46,ESX-FUTURE,3085.0,2743,3085.0,253,SELL
08:47:46,ESX-FUTURE,3085.0,2630,3085.0,366,SELL
08:47:47,ESX-FUTURE,3084.0,409,3085.0,2587,SELL
08:47:48,ESX-FUTURE,3084.0,2320,3084.0,676,SELL
08:47:49,ESX-FUTURE,3084.0,990,3085.0,2006,SELL
08:47:50,ESX-FUTURE,3084.0,254,3085.0,2742,SELL
08:47:50,ESX-FUTURE,3084.0,771,3085.0,2225,SELL
08:47:51,ESX-FUTURE,3084.0,756,3085.0,2240,SELL
08:47:52,ESX-FUTURE,3084.0,401,3084.0,2595,SELL
08:47:53,ESX-FUTURE,3084.0,488,3084.0,2508,SELL
08:47:54,ESX-FUTURE,3084.0,810,3084.0,2186,SELL
08:47:55,ESX-FUTURE,3084.0,424,3084.0,2572,SELL
08:47:55,ESX-FUTURE,3084.0,2800,3084.0,196,SELL
08:47:56,ESX-FUTURE,3084.0,2800,3084.0,196,SELL
08:47:56,ESX-FUTURE,3084.0,2782,3084.0,214,SELL
08:47:57,ESX-FUTURE,3084.0,2542,3084.0,454,SELL
08:47:58,ESX-FUTURE,3084.0,1130,3084.0,1866,SELL
08:48:00,ESX-FUTURE,3084.0,2110,3084.0,886,NOTHING
08:48:01,ESX-FUTURE,3084.0,464,3085.0,2532,NOTHING
08:48:02,ESX-FUTURE,3084.0,2162,3085.0,834,NOTHING
08:48:03,ESX-FUTURE,3083.0,2978,3083.0,18,NOTHING
08:48:03,ESX-FUTURE,3083.0,2954,3084.0,42,NOTHING
08:48:04,ESX-FUTURE,3084.0,145,3084.0,2851,NOTHING
08:48:06,ESX-FUTURE,3084.0,23,3084.0,2973,NOTHING
08:48:07,ESX-FUTURE,3083.0,2299,3084.0,697,NOTHING
08:48:07,ESX-FUTURE,3083.0,2025,3084.0,971,NOTHING
08:48:09,ESX-FUTURE,3083.0,2190,3084.0,806,NOTHING
08:48:10,ESX-FUTURE,3083.0,381,3083.0,2615,NOTHING
08:48:10,ESX-FUTURE,3083.0,378,3083.0,2618,NOTHING
08:48:11,ESX-FUTURE,3083.0,638,3083.0,2358,NOTHING
08:48:12,ESX-FUTURE,3082.0,541,3082.0,2455,NOTHING
08:48:12,ESX-FUTURE,3082.0,109,3082.0,2887,NOTHING
08:48:14,ESX-FUTURE,3082.0,83,3082.0,2913,NOTHING
08:48:15,ESX-FUTURE,3082.0,1599,3082.0,1397,NOTHING
08:48:15,ESX-FUTURE,3081.0,763,3081.0,2233,NOTHING
08:48:16,ESX-FUTURE,3081.0,1514,3081.0,1482,NOTHING
08:48:16,ESX-FUTURE,3081.0,2088,3081.0,908,NOTHING
08:48:18,ESX-FUTURE,3081.0,2137,3081.0,859,NOTHING
08:48:19,ESX-FUTURE,3081.0,2460,3081.0,536,NOTHING
08:48:20,ESX-FUTURE,3081.0,391,3081.0,2605,NOTHING
08:48:22,ESX-FUTURE,3081.0,71,3081.0,2925,NOTHING
08:48:23,ESX-FUTURE,3081.0,2926,3081.0,70,NOTHING
08:48:25,ESX-FUTURE,3081.0,2987,3081.0,9,NOTHING
08:48:25,ESX-FUTURE,3081.0,2567,3081.0,429,NOTHING
08:48:26,ESX-FUTURE,3081.0,2404,3081.0,592,NOTHING
08:48:27,ESX-FUTURE,3081.0,2004,3081.0,992,NOTHING
08:48:28,ESX-FUTURE,3081.0,718,3081.0,2278,NOTHING
08:48:29,ESX-FUTURE,3081.0,199,3081.0,2797,NOTHING
08:48:30,ESX-FUTURE,3081.0,2088,3081.0,908,NOTHING
08:48:31,ESX-FUTURE,3081.0,2124,3081.0,872,NOTHING
08:48:32,ESX-FUTURE,3081.0,2706,3081.0,290,NOTHING
08:48:32,ESX-FUTURE,3081.0,2622,3081.0,374,NOTHING
08:48:34,ESX-FUTURE,3081.0,1943,3081.0,1053,NOTHING
08:48:34,ESX-FUTURE,3078.0,2419,3078.0,577,NOTHING
08:48:36,ESX-FUTURE,3077.0,200,3077.0,2796,NOTHING
08:48:37,ESX-FUTURE,3076.0,2963,3077.0,33,NOTHING
08:48:37,ESX-FUTURE,3076.0,2006,3077.0,990,NOTHING
08:48:39,ESX-FUTURE,3077.0,2441,3077.0,555,NOTHING
08:48:40,ESX-FUTURE,3075.0,2377,3075.0,619,NOTHING
08:48:40,ESX-FUTURE,3075.0,1772,3076.0,1224,NOTHING
08:48:42,ESX-FUTURE,3075.0,2010,3076.0,986,NOTHING
08:48:42,ESX-FUTURE,3075.0,1334,3076.0,1662,NOTHING
08:48:44,ESX-FUTURE,3075.0,2112,3075.0,884,NOTHING
08:48:46,ESX-FUTURE,3075.0,2639,3076.0,357,NOTHING
08:48:48,ESX-FUTURE,3075.0,2188,3076.0,808,NOTHING
08:48:48,ESX-FUTURE,3078.0,480,3079.0,2516,NOTHING
08:48:49,ESX-FUTURE,3078.0,978,3079.0,2018,NOTHING
08:48:50,ESX-FUTURE,3078.0,2654,3079.0,342,NOTHING
08:48:51,ESX-FUTURE,3078.0,2616,3079.0,380,NOTHING
08:48:52,ESX-FUTURE,3078.0,2351,3079.0,645,NOTHING
08:48:52,ESX-FUTURE,3079.0,51,3079.0,2945,NOTHING
08:48:53,ESX-FUTURE,3078.0,405,3078.0,2591,NOTHING
08:48:55,ESX-FUTURE,3078.0,187,3078.0,2809,NOTHING
08:48:57,ESX-FUTURE,3078.0,54,3078.0,2942,NOTHING
08:48:58,ESX-FUTURE,3078.0,294,3078.0,2702,NOTHING
08:48:59,ESX-FUTURE,3077.0,2439,3078.0,557,NOTHING
08:49:01,ESX-FUTURE,3077.0,1418,3078.0,1578,NOTHING
08:49:02,ESX-FUTURE,3078.0,1563,3078.0,1433,NOTHING
08:49:03,ESX-FUTURE,3078.0,1583,3078.0,1413,NOTHING
08:49:04,ESX-FUTURE,3078.0,741,3078.0,2255,NOTHING
08:49:05,ESX-FUTURE,3078.0,706,3078.0,2290,NOTHING
08:49:06,ESX-FUTURE,3077.0,188,3078.0,2808,NOTHING
08:49:07,ESX-FUTURE,3077.0,2602,3077.0,394,NOTHING
08:49:08,ESX-FUTURE,3078.0,2931,3078.0,65,NOTHING
08:49:09,ESX-FUTURE,3077.0,1418,3077.0,1578,NOTHING
08:49:10,ESX-FUTURE,3077.0,1270,3077.0,1726,NOTHING
08:49:11,ESX-FUTURE,3077.0,2043,3077.0,953,NOTHING
08:49:12,ESX-FUTURE,3079.0,2088,3079.0,908,NOTHING
08:49:14,ESX-FUTURE,3079.0,239,3079.0,2757,NOTHING
08:49:15,ESX-FUTURE,3079.0,2784,3079.0,212,NOTHING
08:49:16,ESX-FUTURE,3079.0,2726,3079.0,270,NOTHING
08:49:17,ESX-FUTURE,3078.0,209,3079.0,2787,NOTHING
08:49:18,ESX-FUTURE,3078.0,2619,3078.0,377,NOTHING
08:49:19,ESX-FUTURE,3079.0,2381,3079.0,615,NOTHING
08:49:20,ESX-FUTURE,3079.0,305,3080.0,2691,NOTHING
08:49:21,ESX-FUTURE,3082.0,80,3082.0,2916,NOTHING
08:49:22,ESX-FUTURE,3082.0,1684,3082.0,1312,NOTHING
08:49:23,ESX-FUTURE,3082.0,1650,3083.0,1346,NOTHING
08:49:23,ESX-FUTURE,3083.0,386,3083.0,2610,NOTHING
08:49:25,ESX-FUTURE,3083.0,56,3083.0,2940,NOTHING
08:49:26,ESX-FUTURE,3083.0,466,3083.0,2530,NOTHING
08:49:27,ESX-FUTURE,3083.0,1268,3083.0,1728,NOTHING
08:49:28,ESX-FUTURE,3083.0,2965,3083.0,31,NOTHING
08:49:29,ESX-FUTURE,3083.0,612,3083.0,2384,NOTHING
08:49:29,ESX-FUTURE,3083.0,1736,3083.0,1260,NOTHING
08:49:31,ESX-FUTURE,3083.0,2016,3083.0,980,NOTHING
08:49:33,ESX-FUTURE,3083.0,1363,3083.0,1633,NOTHING
08:49:33,ESX-FUTURE,3083.0,197,3083.0,2799,NOTHING
08:49:34,ESX-FUTURE,3083.0,339,3083.0,2657,NOTHING
08:49:35,ESX-FUTURE,3083.0,374,3083.0,2622,NOTHING
08:49:35,ESX-FUTURE,3083.0,328,3083.0,2668,NOTHING
08:49:36,ESX-FUTURE,3083.0,401,3083.0,2595,NOTHING
08:49:37,ESX-FUTURE,3083.0,1981,3083.0,1015,NOTHING
08:49:38,ESX-FUTURE,3082.0,2640,3083.0,356,NOTHING
08:49:40,ESX-FUTURE,3082.0,734,3083.0,2262,NOTHING
08:49:41,ESX-FUTURE,3081.0,1305,3081.0,1691,NOTHING
08:49:42,ESX-FUTURE,3081.0,949,3082.0,2047,NOTHING
08:49:44,ESX-FUTURE,3082.0,262,3082.0,2734,NOTHING
08:49:45,ESX-FUTURE,3081.0,2653,3082.0,343,NOTHING
08:49:47,ESX-FUTURE,3082.0,109,3082.0,2887,NOTHING
08:49:48,ESX-FUTURE,3082.0,192,3082.0,2804,NOTHING
08:49:50,ESX-FUTURE,3082.0,932,3082.0,2064,NOTHING
08:49:51,ESX-FUTURE,3082.0,1380,3082.0,1616,NOTHING
08:49:52,ESX-FUTURE,3082.0,2653,3082.0,343,NOTHING
08:49:53,ESX-FUTURE,3081.0,2858,3081.0,138,NOTHING
08:49:54,ESX-FUTURE,3081.0,307,3081.0,2689,NOTHING
08:49:55,ESX-FUTURE,3080.0,2815,3081.0,181,NOTHING
08:49:56,ESX-FUTURE,3080.0,1866,3081.0,1130,NOTHING
08:49:57,ESX-FUTURE,3080.0,1841,3081.0,1155,NOTHING
08:49:58,ESX-FUTURE,3080.0,1870,3081.0,1126,NOTHING
08:50:00,ESX-FUTURE,3080.0,497,3080.0,2499,NOTHING
08:50:01,ESX-FUTURE,3080.0,11,3080.0,2985,NOTHING
08:50:02,ESX-FUTURE,3081.0,1319,3081.0,1677,NOTHING
08:50:03,ESX-FUTURE,3081.0,1158,3081.0,1838,NOTHING
08:50:04,ESX-FUTURE,3081.0,201,3081.0,2795,NOTHING
08:50:05,ESX-FUTURE,3081.0,1940,3081.0,1056,NOTHING
08:50:07,ESX-FUTURE,3080.0,778,3081.0,2218,NOTHING
08:50:08,ESX-FUTURE,3079.0,121,3080.0,2875,NOTHING
08:50:09,ESX-FUTURE,3079.0,1308,3079.0,1688,NOTHING
08:50:10,ESX-FUTURE,3078.0,1349,3079.0,1647,NOTHING
08:50:12,ESX-FUTURE,3078.0,1290,3079.0,1706,NOTHING
08:50:13,ESX-FUTURE,3078.0,1119,3079.0,1877,NOTHING
08:50:14,ESX-FUTURE,3078.0,914,3079.0,2082,NOTHING
08:50:15,ESX-FUTURE,3078.0,1063,3079.0,1933,NOTHING
08:50:16,ESX-FUTURE,3078.0,1255,3079.0,1741,NOTHING
08:50:17,ESX-FUTURE,3078.0,2878,3078.0,118,NOTHING
08:50:18,ESX-FUTURE,3078.0,599,3079.0,2397,NOTHING
08:50:18,ESX-FUTURE,3078.0,2738,3078.0,258,NOTHING
08:50:20,ESX-FUTURE,3078.0,2779,3078.0,217,NOTHING
08:50:20,ESX-FUTURE,3078.0,2598,3078.0,398,NOTHING
08:50:22,ESX-FUTURE,3078.0,2380,3078.0,616,NOTHING
08:50:22,ESX-FUTURE,3078.0,1952,3078.0,1044,NOTHING
08:50:23,ESX-FUTURE,3077.0,1539,3077.0,1457,NOTHING
08:50:23,ESX-FUTURE,3077.0,2129,3077.0,867,NOTHING
08:50:24,ESX-FUTURE,3077.0,1717,3077.0,1279,NOTHING
08:50:25,ESX-FUTURE,3079.0,1780,3079.0,1216,NOTHING
08:50:27,ESX-FUTURE,3079.0,1781,3079.0,1215,NOTHING
08:50:29,ESX-FUTURE,3079.0,1767,3079.0,1229,NOTHING
08:50:30,ESX-FUTURE,3079.0,876,3079.0,2120,NOTHING
08:50:31,ESX-FUTURE,3079.0,1139,3079.0,1857,NOTHING
08:50:33,ESX-FUTURE,3079.0,408,3079.0,2588,NOTHING
08:50:34,ESX-FUTURE,3079.0,1934,3079.0,1062,NOTHING
08:50:34,ESX-FUTURE,3078.0,2261,3079.0,735,NOTHING
08:50:36,ESX-FUTURE,3077.0,1907,3077.0,1089,NOTHING
08:50:36,ESX-FUTURE,3078.0,1283,3078.0,1713,NOTHING
08:50:37,ESX-FUTURE,3078.0,846,3078.0,2150,NOTHING
08:50:39,ESX-FUTURE,3078.0,1126,3078.0,1870,NOTHING
08:50:39,ESX-FUTURE,3078.0,948,3078.0,2048,NOTHING
08:50:42,ESX-FUTURE,3078.0,2315,3078.0,681,NOTHING
08:50:43,ESX-FUTURE,3077.0,442,3078.0,2554,NOTHING
08:50:44,ESX-FUTURE,3077.0,147,3078.0,2849,NOTHING
08:50:45,ESX-FUTURE,3077.0,148,3078.0,2848,NOTHING
08:50:45,ESX-FUTURE,3077.0,2534,3077.0,462,NOTHING
08:50:47,ESX-FUTURE,3077.0,2963,3077.0,33,NOTHING
08:50:48,ESX-FUTURE,3077.0,2524,3077.0,472,NOTHING
08:50:50,ESX-FUTURE,3077.0,1460,3077.0,1536,NOTHING
08:50:51,ESX-FUTURE,3077.0,955,3078.0,2041,NOTHING
08:50:52,ESX-FUTURE,3078.0,1170,3078.0,1826,NOTHING
08:50:53,ESX-FUTURE,3078.0,2340,3078.0,656,NOTHING
08:50:54,ESX-FUTURE,3078.0,2512,3078.0,484,NOTHING
08:50:55,ESX-FUTURE,3078.0,2071,3078.0,925,NOTHING
08:50:56,ESX-FUTURE,3078.0,1216,3078.0,1780,NOTHING
08:50:57,ESX-FUTURE,3078.0,1687,3079.0,1309,NOTHING
08:50:59,ESX-FUTURE,3078.0,1596,3079.0,1400,NOTHING
08:51:00,ESX-FUTURE,3078.0,1534,3079.0,1462,NOTHING
08:51:01,ESX-FUTURE,3076.0,742,3076.0,2254,NOTHING
08:51:02,ESX-FUTURE,3076.0,2046,3076.0,950,NOTHING
08:51:03,ESX-FUTURE,3076.0,508,3077.0,2488,NOTHING
08:51:04,ESX-FUTURE,3077.0,53,3077.0,2943,NOTHING
08:51:05,ESX-FUTURE,3078.0,27,3078.0,2969,NOTHING
08:51:06,ESX-FUTURE,3076.0,2855,3076.0,141,NOTHING
08:51:08,ESX-FUTURE,3076.0,1544,3076.0,1452,NOTHING
08:51:09,ESX-FUTURE,3076.0,865,3076.0,2131,NOTHING
08:51:09,ESX-FUTURE,3076.0,305,3076.0,2691,NOTHING
08:51:10,ESX-FUTURE,3078.0,152,3078.0,2844,NOTHING
08:51:10,ESX-FUTURE,3078.0,2123,3079.0,873,NOTHING
08:51:12,ESX-FUTURE,3078.0,2788,3078.0,208,NOTHING
08:51:13,ESX-FUTURE,3078.0,2821,3078.0,175,NOTHING
08:51:13,ESX-FUTURE,3079.0,560,3080.0,2436,NOTHING
08:51:14,ESX-FUTURE,3079.0,2306,3080.0,690,NOTHING
08:51:15,ESX-FUTURE,3080.0,184,3080.0,2812,NOTHING
08:51:17,ESX-FUTURE,3080.0,111,3080.0,2885,NOTHING
08:51:18,ESX-FUTURE,3079.0,1060,3079.0,1936,NOTHING
08:51:18,ESX-FUTURE,3079.0,1908,3079.0,1088,NOTHING
08:51:19,ESX-FUTURE,3083.0,2471,3083.0,525,NOTHING
08:51:20,ESX-FUTURE,3083.0,2311,3083.0,685,NOTHING
08:51:21,ESX-FUTURE,3083.0,2382,3083.0,614,NOTHING
08:51:22,ESX-FUTURE,3083.0,511,3083.0,2485,NOTHING
08:51:22,ESX-FUTURE,3083.0,387,3083.0,2609,NOTHING
08:51:24,ESX-FUTURE,3083.0,413,3083.0,2583,NOTHING
08:51:25,ESX-FUTURE,3083.0,2405,3083.0,591,NOTHING
08:51:26,ESX-FUTURE,3083.0,2198,3083.0,798,NOTHING
08:51:27,ESX-FUTURE,3083.0,1261,3083.0,1735,NOTHING
08:51:28,ESX-FUTURE,3083.0,1397,3083.0,1599,NOTHING
08:51:29,ESX-FUTURE,3083.0,2696,3083.0,300,NOTHING
08:51:30,ESX-FUTURE,3083.0,508,3083.0,2488,NOTHING
08:51:30,ESX-FUTURE,3082.0,2139,3083.0,857,NOTHING
08:51:31,ESX-FUTURE,3084.0,1993,3084.0,1003,NOTHING
08:51:32,ESX-FUTURE,3084.0,159,3084.0,2837,NOTHING
08:51:32,ESX-FUTURE,3084.0,1252,3085.0,1744,NOTHING
08:51:34,ESX-FUTURE,3084.0,1495,3085.0,1501,NOTHING
08:51:35,ESX-FUTURE,3084.0,1513,3085.0,1483,NOTHING
08:51:36,ESX-FUTURE,3084.0,1514,3085.0,1482,NOTHING
08:51:37,ESX-FUTURE,3084.0,1322,3084.0,1674,NOTHING
08:51:39,ESX-FUTURE,3084.0,2952,3084.0,44,NOTHING
08:51:39,ESX-FUTURE,3084.0,1785,3084.0,1211,NOTHING
08:51:40,ESX-FUTURE,3084.0,2557,3084.0,439,NOTHING
08:51:41,ESX-FUTURE,3084.0,2935,3084.0,61,NOTHING
08:51:42,ESX-FUTURE,3084.0,1559,3084.0,1437,NOTHING
08:51:43,ESX-FUTURE,3084.0,1493,3084.0,1503,NOTHING
08:51:44,ESX-FUTURE,3085.0,1266,3085.0,1730,NOTHING
08:51:45,ESX-FUTURE,3085.0,1459,3085.0,1537,NOTHING
08:51:47,ESX-FUTURE,3085.0,2993,3085.0,3,NOTHING
08:51:47,ESX-FUTURE,3085.0,1669,3085.0,1327,NOTHING
08:51:48,ESX-FUTURE,3085.0,452,3085.0,2544,NOTHING
08:51:49,ESX-FUTURE,3085.0,490,3085.0,2506,NOTHING
08:51:50,ESX-FUTURE,3085.0,489,3085.0,2507,NOTHING
08:51:52,ESX-FUTURE,3085.0,441,3085.0,2555,NOTHING
08:51:52,ESX-FUTURE,3085.0,1831,3086.0,1165,NOTHING
08:51:54,ESX-FUTURE,3085.0,1775,3086.0,1221,NOTHING
08:51:55,ESX-FUTURE,3085.0,1998,3086.0,998,NOTHING
08:51:56,ESX-FUTURE,3085.0,1992,3086.0,1004,NOTHING
08:51:57,ESX-FUTURE,3085.0,1121,3086.0,1875,NOTHING
08:51:58,ESX-FUTURE,3086.0,1948,3086.0,1048,NOTHING
08:51:59,ESX-FUTURE,3086.0,2424,3086.0,572,NOTHING
08:52:01,ESX-FUTURE,3086.0,2428,3086.0,568,NOTHING
08:52:02,ESX-FUTURE,3086.0,2474,3086.0,522,NOTHING
08:52:03,ESX-FUTURE,3086.0,2464,3086.0,532,NOTHING
08:52:04,ESX-FUTURE,3086.0,2981,3086.0,15,NOTHING
08:52:06,ESX-FUTURE,3086.0,291,3086.0,2705,NOTHING
08:52:07,ESX-FUTURE,3086.0,2388,3086.0,608,NOTHING
08:52:07,ESX-FUTURE,3086.0,564,3086.0,2432,NOTHING
08:52:08,ESX-FUTURE,3086.0,1937,3086.0,1059,NOTHING
08:52:10,ESX-FUTURE,3086.0,1875,3086.0,1121,NOTHING
08:52:11,ESX-FUTURE,3086.0,1841,3086.0,1155,NOTHING
08:52:11,ESX-FUTURE,3086.0,84,3086.0,2912,NOTHING
08:52:12,ESX-FUTURE,3085.0,1406,3085.0,1590,NOTHING
08:52:13,ESX-FUTURE,3085.0,583,3085.0,2413,NOTHING
08:52:13,ESX-FUTURE,3085.0,1584,3085.0,1412,NOTHING
08:52:16,ESX-FUTURE,3086.0,2462,3086.0,534,NOTHING
08:52:17,ESX-FUTURE,3086.0,2432,3086.0,564,NOTHING
08:52:17,ESX-FUTURE,3086.0,557,3086.0,2439,NOTHING
08:52:18,ESX-FUTURE,3086.0,578,3086.0,2418,NOTHING
08:52:19,ESX-FUTURE,3086.0,759,3086.0,2237,NOTHING
08:52:20,ESX-FUTURE,3088.0,862,3088.0,2134,NOTHING
08:52:20,ESX-FUTURE,3088.0,625,3088.0,2371,NOTHING
08:52:21,ESX-FUTURE,3089.0,500,3089.0,2496,NOTHING
08:52:22,ESX-FUTURE,3089.0,203,3089.0,2793,NOTHING
08:52:23,ESX-FUTURE,3089.0,2505,3089.0,491,NOTHING
08:52:24,ESX-FUTURE,3089.0,2832,3089.0,164,NOTHING
08:52:24,ESX-FUTURE,3089.0,2639,3089.0,357,NOTHING
08:52:25,ESX-FUTURE,3090.0,2018,3090.0,978,NOTHING
08:52:26,ESX-FUTURE,3090.0,1914,3090.0,1082,NOTHING
08:52:27,ESX-FUTURE,3090.0,2680,3090.0,316,NOTHING
08:52:28,ESX-FUTURE,3090.0,2513,3090.0,483,NOTHING
08:52:29,ESX-FUTURE,3090.0,2389,3090.0,607,NOTHING
08:52:30,ESX-FUTURE,3090.0,2475,3090.0,521,NOTHING
08:52:31,ESX-FUTURE,3090.0,2570,3090.0,426,NOTHING
08:52:32,ESX-FUTURE,3089.0,310,3090.0,2686,NOTHING
08:52:33,ESX-FUTURE,3089.0,235,3090.0,2761,NOTHING
08:52:34,ESX-FUTURE,3089.0,216,3090.0,2780,NOTHING
08:52:34,ESX-FUTURE,3089.0,1411,3090.0,1585,NOTHING
08:52:35,ESX-FUTURE,3090.0,987,3090.0,2009,NOTHING
08:52:36,ESX-FUTURE,3089.0,1099,3089.0,1897,NOTHING
08:52:37,ESX-FUTURE,3089.0,1119,3089.0,1877,NOTHING
08:52:38,ESX-FUTURE,3088.0,425,3089.0,2571,NOTHING
08:52:39,ESX-FUTURE,3088.0,603,3088.0,2393,NOTHING
08:52:40,ESX-FUTURE,3088.0,272,3088.0,2724,NOTHING
08:52:40,ESX-FUTURE,3088.0,298,3088.0,2698,NOTHING
08:52:41,ESX-FUTURE,3087.0,2508,3088.0,488,NOTHING
08:52:42,ESX-FUTURE,3087.0,2524,3088.0,472,NOTHING
08:52:42,ESX-FUTURE,3087.0,2024,3088.0,972,NOTHING
08:52:43,ESX-FUTURE,3089.0,2963,3089.0,33,NOTHING
08:52:44,ESX-FUTURE,3089.0,1649,3089.0,1347,NOTHING
08:52:45,ESX-FUTURE,3089.0,2508,3089.0,488,NOTHING
08:52:46,ESX-FUTURE,3089.0,2074,3089.0,922,NOTHING
08:52:47,ESX-FUTURE,3089.0,1415,3089.0,1581,NOTHING
08:52:49,ESX-FUTURE,3089.0,910,3089.0,2086,NOTHING
08:52:49,ESX-FUTURE,3089.0,2413,3089.0,583,NOTHING
08:52:49,ESX-FUTURE,3089.0,691,3089.0,2305,NOTHING
08:52:51,ESX-FUTURE,3089.0,619,3089.0,2377,NOTHING
08:52:52,ESX-FUTURE,3089.0,2255,3089.0,741,NOTHING
08:52:52,ESX-FUTURE,3089.0,1225,3089.0,1771,NOTHING
08:52:53,ESX-FUTURE,3089.0,1061,3089.0,1935,NOTHING
08:52:54,ESX-FUTURE,3089.0,10,3089.0,2986,NOTHING
08:52:55,ESX-FUTURE,3089.0,166,3089.0,2830,NOTHING
08:52:57,ESX-FUTURE,3089.0,2653,3089.0,343,NOTHING
08:52:57,ESX-FUTURE,3088.0,2458,3088.0,538,NOTHING
08:52:58,ESX-FUTURE,3088.0,2787,3088.0,209,NOTHING
08:52:59,ESX-FUTURE,3088.0,853,3088.0,2143,NOTHING
08:53:00,ESX-FUTURE,3088.0,296,3088.0,2700,NOTHING
08:53:00,ESX-FUTURE,3088.0,745,3088.0,2251,NOTHING
08:53:00,ESX-FUTURE,3088.0,2772,3088.0,224,NOTHING
08:53:01,ESX-FUTURE,3088.0,52,3088.0,2944,NOTHING
08:53:02,ESX-FUTURE,3087.0,1132,3087.0,1864,NOTHING
08:53:04,ESX-FUTURE,3087.0,2535,3087.0,461,NOTHING
08:53:06,ESX-FUTURE,3086.0,49,3087.0,2947,NOTHING
08:53:07,ESX-FUTURE,3086.0,1156,3087.0,1840,NOTHING
08:53:09,ESX-FUTURE,3086.0,239,3086.0,2757,NOTHING
08:53:10,ESX-FUTURE,3086.0,205,3086.0,2791,NOTHING
08:53:10,ESX-FUTURE,3086.0,95,3086.0,2901,NOTHING
08:53:12,ESX-FUTURE,3086.0,443,3086.0,2553,NOTHING
08:53:13,ESX-FUTURE,3086.0,2540,3086.0,456,NOTHING
08:53:14,ESX-FUTURE,3086.0,2468,3086.0,528,NOTHING
08:53:15,ESX-FUTURE,3086.0,2447,3086.0,549,NOTHING
08:53:16,ESX-FUTURE,3086.0,904,3086.0,2092,NOTHING
08:53:17,ESX-FUTURE,3086.0,2680,3086.0,316,NOTHING
08:53:19,ESX-FUTURE,3086.0,1433,3086.0,1563,NOTHING
08:53:21,ESX-FUTURE,3086.0,1447,3086.0,1549,NOTHING
08:53:22,ESX-FUTURE,3085.0,267,3085.0,2729,NOTHING
08:53:24,ESX-FUTURE,3085.0,1114,3085.0,1882,NOTHING
08:53:25,ESX-FUTURE,3085.0,163,3085.0,2833,NOTHING
08:53:26,ESX-FUTURE,3085.0,451,3085.0,2545,NOTHING
08:53:27,ESX-FUTURE,3085.0,1517,3085.0,1479,NOTHING
08:53:27,ESX-FUTURE,3085.0,2047,3085.0,949,NOTHING
08:53:28,ESX-FUTURE,3085.0,1709,3085.0,1287,NOTHING
08:53:29,ESX-FUTURE,3085.0,1771,3085.0,1225,NOTHING
08:53:31,ESX-FUTURE,3085.0,694,3085.0,2302,NOTHING
08:53:32,ESX-FUTURE,3085.0,694,3085.0,2302,NOTHING
08:53:33,ESX-FUTURE,3085.0,499,3085.0,2497,NOTHING
08:53:33,ESX-FUTURE,3084.0,1783,3085.0,1213,NOTHING
08:53:34,ESX-FUTURE,3085.0,1145,3085.0,1851,NOTHING
08:53:36,ESX-FUTURE,3085.0,178,3086.0,2818,NOTHING
08:53:37,ESX-FUTURE,3086.0,916,3086.0,2080,NOTHING
08:53:37,ESX-FUTURE,3084.0,1578,3085.0,1418,NOTHING
08:53:38,ESX-FUTURE,3087.0,2847,3088.0,149,NOTHING
08:53:39,ESX-FUTURE,3088.0,1119,3088.0,1877,NOTHING
08:53:40,ESX-FUTURE,3088.0,285,3088.0,2711,NOTHING
08:53:41,ESX-FUTURE,3088.0,1665,3088.0,1331,NOTHING
08:53:43,ESX-FUTURE,3088.0,2484,3088.0,512,NOTHING
08:53:44,ESX-FUTURE,3088.0,1642,3088.0,1354,NOTHING
08:53:45,ESX-FUTURE,3086.0,1890,3086.0,1106,NOTHING
08:53:47,ESX-FUTURE,3086.0,2202,3086.0,794,NOTHING
08:53:49,ESX-FUTURE,3086.0,2532,3086.0,464,NOTHING
08:53:50,ESX-FUTURE,3086.0,2534,3086.0,462,NOTHING
08:53:51,ESX-FUTURE,3086.0,2553,3086.0,443,NOTHING
08:53:52,ESX-FUTURE,3086.0,2589,3086.0,407,NOTHING
08:53:53,ESX-FUTURE,3086.0,1793,3086.0,1203,NOTHING
08:53:54,ESX-FUTURE,3086.0,1954,3086.0,1042,NOTHING
08:53:55,ESX-FUTURE,3086.0,795,3087.0,2201,NOTHING
08:53:57,ESX-FUTURE,3086.0,775,3087.0,2221,NOTHING
08:53:59,ESX-FUTURE,3088.0,1274,3088.0,1722,NOTHING
08:54:00,ESX-FUTURE,3088.0,2222,3088.0,774,NOTHING
08:54:00,ESX-FUTURE,3089.0,476,3090.0,2520,NOTHING
08:54:00,ESX-FUTURE,3089.0,1412,3090.0,1584,NOTHING
08:54:01,ESX-FUTURE,3089.0,1755,3090.0,1241,NOTHING
08:54:02,ESX-FUTURE,3089.0,745,3090.0,2251,NOTHING
08:54:04,ESX-FUTURE,3089.0,390,3090.0,2606,NOTHING
08:54:05,ESX-FUTURE,3089.0,2547,3089.0,449,NOTHING
08:54:06,ESX-FUTURE,3089.0,772,3090.0,2224,NOTHING
08:54:07,ESX-FUTURE,3090.0,978,3090.0,2018,NOTHING
08:54:07,ESX-FUTURE,3090.0,511,3090.0,2485,NOTHING
08:54:08,ESX-FUTURE,3090.0,172,3090.0,2824,NOTHING
08:54:09,ESX-FUTURE,3090.0,2854,3090.0,142,NOTHING
08:54:10,ESX-FUTURE,3090.0,2824,3090.0,172,NOTHING
08:54:11,ESX-FUTURE,3090.0,2388,3090.0,608,NOTHING
08:54:13,ESX-FUTURE,3090.0,2389,3090.0,607,NOTHING
08:54:14,ESX-FUTURE,3090.0,639,3090.0,2357,NOTHING
08:54:14,ESX-FUTURE,3090.0,664,3090.0,2332,NOTHING
08:54:15,ESX-FUTURE,3090.0,1402,3090.0,1594,NOTHING
08:54:16,ESX-FUTURE,3090.0,530,3091.0,2466,NOTHING
08:54:18,ESX-FUTURE,3091.0,1401,3091.0,1595,NOTHING
08:54:19,ESX-FUTURE,3091.0,1145,3091.0,1851,NOTHING
08:54:21,ESX-FUTURE,3091.0,1145,3091.0,1851,NOTHING
08:54:22,ESX-FUTURE,3088.0,2551,3088.0,445,NOTHING
08:54:22,ESX-FUTURE,3088.0,2609,3088.0,387,NOTHING
08:54:24,ESX-FUTURE,3088.0,2248,3088.0,748,NOTHING
08:54:25,ESX-FUTURE,3088.0,2295,3088.0,701,NOTHING
08:54:26,ESX-FUTURE,3088.0,2296,3088.0,700,NOTHING
08:54:26,ESX-FUTURE,3088.0,2270,3088.0,726,NOTHING
08:54:28,ESX-FUTURE,3088.0,2463,3088.0,533,NOTHING
08:54:30,ESX-FUTURE,3088.0,2058,3088.0,938,NOTHING
08:54:31,ESX-FUTURE,3088.0,2518,3088.0,478,NOTHING
08:54:32,ESX-FUTURE,3088.0,807,3088.0,2189,NOTHING
08:54:34,ESX-FUTURE,3087.0,963,3087.0,2033,NOTHING
08:54:35,ESX-FUTURE,3087.0,2312,3087.0,684,NOTHING
08:54:35,ESX-FUTURE,3086.0,1434,3087.0,1562,NOTHING
08:54:36,ESX-FUTURE,3086.0,1192,3087.0,1804,NOTHING
08:54:37,ESX-FUTURE,3087.0,225,3087.0,2771,NOTHING
08:54:38,ESX-FUTURE,3086.0,2263,3086.0,733,NOTHING
08:54:39,ESX-FUTURE,3086.0,968,3087.0,2028,NOTHING
08:54:39,ESX-FUTURE,3086.0,2578,3086.0,418,NOTHING
08:54:40,ESX-FUTURE,3086.0,1143,3086.0,1853,NOTHING
08:54:41,ESX-FUTURE,3085.0,481,3085.0,2515,NOTHING
08:54:41,ESX-FUTURE,3085.0,2324,3085.0,672,NOTHING
08:54:43,ESX-FUTURE,3085.0,327,3085.0,2669,NOTHING
08:54:43,ESX-FUTURE,3084.0,2771,3085.0,225,NOTHING
08:54:44,ESX-FUTURE,3084.0,2809,3085.0,187,NOTHING
08:54:46,ESX-FUTURE,3084.0,2760,3085.0,236,NOTHING
08:54:47,ESX-FUTURE,3084.0,2809,3085.0,187,NOTHING
08:54:48,ESX-FUTURE,3084.0,2869,3085.0,127,NOTHING
08:54:50,ESX-FUTURE,3086.0,1063,3086.0,1933,NOTHING
08:54:51,ESX-FUTURE,3086.0,1056,3086.0,1940,NOTHING
08:54:51,ESX-FUTURE,3086.0,454,3086.0,2542,NOTHING
08:54:53,ESX-FUTURE,3086.0,1923,3086.0,1073,NOTHING
08:54:54,ESX-FUTURE,3086.0,1759,3086.0,1237,NOTHING
08:54:56,ESX-FUTURE,3086.0,2061,3086.0,935,NOTHING
08:54:58,ESX-FUTURE,3086.0,2737,3086.0,259,NOTHING
08:54:59,ESX-FUTURE,3087.0,473,3087.0,2523,NOTHING
08:55:00,ESX-FUTURE,3087.0,470,3087.0,2526,NOTHING
08:55:00,ESX-FUTURE,3087.0,1795,3087.0,1201,NOTHING
08:55:01,ESX-FUTURE,3087.0,663,3087.0,2333,NOTHING
08:55:03,ESX-FUTURE,3086.0,1454,3087.0,1542,NOTHING
08:55:04,ESX-FUTURE,3086.0,1683,3087.0,1313,NOTHING
08:55:06,ESX-FUTURE,3086.0,1653,3087.0,1343,NOTHING
08:55:07,ESX-FUTURE,3086.0,2460,3087.0,536,NOTHING
08:55:09,ESX-FUTURE,3086.0,2363,3087.0,633,NOTHING
08:55:10,ESX-FUTURE,3086.0,1055,3087.0,1941,NOTHING
08:55:12,ESX-FUTURE,3086.0,2723,3086.0,273,NOTHING
08:55:13,ESX-FUTURE,3086.0,836,3087.0,2160,NOTHING
08:55:13,ESX-FUTURE,3086.0,507,3087.0,2489,NOTHING
08:55:13,ESX-FUTURE,3086.0,617,3087.0,2379,NOTHING
08:55:14,ESX-FUTURE,3086.0,1710,3087.0,1286,NOTHING
08:55:15,ESX-FUTURE,3086.0,514,3086.0,2482,NOTHING
08:55:17,ESX-FUTURE,3086.0,2826,3086.0,170,NOTHING
08:55:19,ESX-FUTURE,3086.0,1326,3086.0,1670,NOTHING
08:55:20,ESX-FUTURE,3086.0,28,3086.0,2968,NOTHING
08:55:21,ESX-FUTURE,3085.0,2237,3086.0,759,NOTHING
08:55:22,ESX-FUTURE,3086.0,1095,3086.0,1901,NOTHING
08:55:22,ESX-FUTURE,3086.0,1765,3086.0,1231,NOTHING
08:55:23,ESX-FUTURE,3086.0,1769,3086.0,1227,NOTHING
08:55:24,ESX-FUTURE,3086.0,2142,3086.0,854,NOTHING
08:55:25,ESX-FUTURE,3086.0,1749,3086.0,1247,NOTHING
08:55:25,ESX-FUTURE,3085.0,368,3086.0,2628,NOTHING
08:55:27,ESX-FUTURE,3085.0,975,3086.0,2021,NOTHING
08:55:28,ESX-FUTURE,3085.0,896,3086.0,2100,NOTHING
08:55:28,ESX-FUTURE,3088.0,2677,3088.0,319,NOTHING
08:55:30,ESX-FUTURE,3088.0,2606,3088.0,390,NOTHING
08:55:31,ESX-FUTURE,3088.0,2593,3088.0,403,NOTHING
08:55:31,ESX-FUTURE,3088.0,1313,3088.0,1683,NOTHING
08:55:32,ESX-FUTURE,3088.0,1302,3088.0,1694,NOTHING
08:55:33,ESX-FUTURE,3086.0,2019,3086.0,977,NOTHING
08:55:34,ESX-FUTURE,3085.0,2383,3085.0,613,NOTHING
08:55:35,ESX-FUTURE,3085.0,2483,3085.0,513,NOTHING
08:55:36,ESX-FUTURE,3087.0,1184,3087.0,1812,NOTHING
08:55:37,ESX-FUTURE,3086.0,1920,3087.0,1076,NOTHING
08:55:39,ESX-FUTURE,3086.0,2817,3087.0,179,NOTHING
08:55:39,ESX-FUTURE,3087.0,70,3087.0,2926,NOTHING
08:55:40,ESX-FUTURE,3086.0,866,3087.0,2130,NOTHING
08:55:41,ESX-FUTURE,3086.0,2025,3087.0,971,NOTHING
08:55:42,ESX-FUTURE,3087.0,1930,3087.0,1066,NOTHING
08:55:43,ESX-FUTURE,3087.0,2390,3087.0,606,NOTHING
08:55:44,ESX-FUTURE,3087.0,481,3087.0,2515,NOTHING
08:55:46,ESX-FUTURE,3087.0,2663,3087.0,333,NOTHING
08:55:47,ESX-FUTURE,3087.0,2664,3087.0,332,NOTHING
08:55:49,ESX-FUTURE,3087.0,2646,3087.0,350,NOTHING
08:55:50,ESX-FUTURE,3087.0,2647,3087.0,349,NOTHING
08:55:51,ESX-FUTURE,3087.0,2426,3087.0,570,NOTHING
08:55:53,ESX-FUTURE,3087.0,2400,3087.0,596,NOTHING
08:55:54,ESX-FUTURE,3087.0,2239,3087.0,757,NOTHING
08:55:55,ESX-FUTURE,3087.0,311,3087.0,2685,NOTHING
08:55:56,ESX-FUTURE,3087.0,840,3088.0,2156,NOTHING
08:55:57,ESX-FUTURE,3087.0,501,3088.0,2495,NOTHING
08:55:59,ESX-FUTURE,3087.0,149,3088.0,2847,NOTHING
08:55:59,ESX-FUTURE,3087.0,855,3088.0,2141,NOTHING
08:56:01,ESX-FUTURE,3088.0,146,3088.0,2850,NOTHING
08:56:02,ESX-FUTURE,3088.0,556,3088.0,2440,NOTHING
08:56:03,ESX-FUTURE,3087.0,2102,3088.0,894,NOTHING
08:56:03,ESX-FUTURE,3087.0,1068,3087.0,1928,NOTHING
08:56:05,ESX-FUTURE,3087.0,1055,3087.0,1941,NOTHING
08:56:06,ESX-FUTURE,3087.0,994,3087.0,2002,NOTHING
08:56:06,ESX-FUTURE,3087.0,994,3087.0,2002,NOTHING
08:56:08,ESX-FUTURE,3087.0,875,3087.0,2121,NOTHING
08:56:09,ESX-FUTURE,3083.0,507,3083.0,2489,NOTHING
08:56:10,ESX-FUTURE,3084.0,2052,3084.0,944,NOTHING
08:56:11,ESX-FUTURE,3084.0,1842,3084.0,1154,NOTHING
08:56:12,ESX-FUTURE,3084.0,1678,3084.0,1318,NOTHING
08:56:13,ESX-FUTURE,3080.0,1320,3080.0,1676,NOTHING
08:56:13,ESX-FUTURE,3080.0,269,3080.0,2727,NOTHING
08:56:14,ESX-FUTURE,3080.0,2809,3080.0,187,NOTHING
08:56:16,ESX-FUTURE,3080.0,2810,3080.0,186,NOTHING
08:56:17,ESX-FUTURE,3081.0,2659,3081.0,337,NOTHING
08:56:17,ESX-FUTURE,3081.0,1781,3081.0,1215,NOTHING
08:56:18,ESX-FUTURE,3081.0,2830,3081.0,166,NOTHING
08:56:18,ESX-FUTURE,3081.0,731,3081.0,2265,NOTHING
08:56:20,ESX-FUTURE,3081.0,781,3081.0,2215,NOTHING
08:56:21,ESX-FUTURE,3080.0,2823,3081.0,173,NOTHING
08:56:23,ESX-FUTURE,3080.0,1090,3081.0,1906,NOTHING
08:56:24,ESX-FUTURE,3079.0,2413,3080.0,583,NOTHING
08:56:24,ESX-FUTURE,3079.0,2163,3080.0,833,NOTHING
08:56:25,ESX-FUTURE,3080.0,1678,3080.0,1318,NOTHING
08:56:26,ESX-FUTURE,3080.0,236,3080.0,2760,NOTHING
08:56:28,ESX-FUTURE,3082.0,1576,3082.0,1420,NOTHING
08:56:28,ESX-FUTURE,3082.0,1369,3082.0,1627,NOTHING
08:56:28,ESX-FUTURE,3080.0,2762,3080.0,234,NOTHING
08:56:30,ESX-FUTURE,3080.0,884,3081.0,2112,NOTHING
08:56:31,ESX-FUTURE,3080.0,865,3081.0,2131,NOTHING
08:56:32,ESX-FUTURE,3080.0,369,3081.0,2627,NOTHING
08:56:32,ESX-FUTURE,3080.0,427,3081.0,2569,NOTHING
08:56:33,ESX-FUTURE,3081.0,1654,3081.0,1342,NOTHING
08:56:33,ESX-FUTURE,3080.0,2954,3081.0,42,NOTHING
08:56:35,ESX-FUTURE,3080.0,2886,3081.0,110,NOTHING
08:56:36,ESX-FUTURE,3081.0,125,3081.0,2871,NOTHING
08:56:37,ESX-FUTURE,3081.0,1303,3081.0,1693,NOTHING
08:56:37,ESX-FUTURE,3081.0,1581,3081.0,1415,NOTHING
08:56:38,ESX-FUTURE,3080.0,2210,3080.0,786,NOTHING
08:56:40,ESX-FUTURE,3080.0,1739,3080.0,1257,NOTHING
08:56:40,ESX-FUTURE,3080.0,1261,3080.0,1735,NOTHING
08:56:41,ESX-FUTURE,3079.0,2727,3080.0,269,NOTHING
08:56:42,ESX-FUTURE,3080.0,2623,3080.0,373,NOTHING
08:56:43,ESX-FUTURE,3080.0,1523,3080.0,1473,NOTHING
08:56:44,ESX-FUTURE,3077.0,447,3077.0,2549,NOTHING
08:56:45,ESX-FUTURE,3076.0,522,3077.0,2474,NOTHING
08:56:47,ESX-FUTURE,3076.0,374,3077.0,2622,NOTHING
08:56:47,ESX-FUTURE,3076.0,992,3077.0,2004,NOTHING
08:56:48,ESX-FUTURE,3078.0,483,3079.0,2513,NOTHING
08:56:50,ESX-FUTURE,3078.0,652,3078.0,2344,NOTHING
08:56:51,ESX-FUTURE,3076.0,1861,3077.0,1135,NOTHING
08:56:51,ESX-FUTURE,3076.0,953,3077.0,2043,NOTHING
08:56:53,ESX-FUTURE,3076.0,872,3077.0,2124,NOTHING
08:56:53,ESX-FUTURE,3076.0,1688,3076.0,1308,NOTHING
08:56:53,ESX-FUTURE,3076.0,1786,3076.0,1210,NOTHING
08:56:55,ESX-FUTURE,3077.0,2674,3077.0,322,NOTHING
08:56:56,ESX-FUTURE,3077.0,23,3077.0,2973,NOTHING
08:56:57,ESX-FUTURE,3076.0,1788,3076.0,1208,NOTHING
08:56:58,ESX-FUTURE,3076.0,851,3076.0,2145,NOTHING
08:56:59,ESX-FUTURE,3076.0,2792,3076.0,204,NOTHING
08:57:00,ESX-FUTURE,3076.0,2496,3076.0,500,BUY
08:57:02,ESX-FUTURE,3076.0,2562,3076.0,434,BUY
08:57:03,ESX-FUTURE,3076.0,2146,3076.0,850,BUY
08:57:04,ESX-FUTURE,3076.0,986,3076.0,2010,BUY
08:57:05,ESX-FUTURE,3076.0,117,3076.0,2879,BUY
08:57:07,ESX-FUTURE,3076.0,498,3076.0,2498,BUY
08:57:07,ESX-FUTURE,3076.0,1260,3077.0,1736,BUY
08:57:09,ESX-FUTURE,3072.0,754,3073.0,2242,BUY
08:57:10,ESX-FUTURE,3072.0,867,3073.0,2129,BUY
08:57:11,ESX-FUTURE,3072.0,879,3073.0,2117,BUY
08:57:11,ESX-FUTURE,3072.0,893,3073.0,2103,BUY
08:57:13,ESX-FUTURE,3072.0,2525,3072.0,471,BUY
08:57:15,ESX-FUTURE,3072.0,2713,3072.0,283,BUY
08:57:16,ESX-FUTURE,3072.0,66,3073.0,2930,BUY
08:57:16,ESX-FUTURE,3073.0,2719,3073.0,277,BUY
08:57:16,ESX-FUTURE,3073.0,853,3073.0,2143,BUY
08:57:17,ESX-FUTURE,3073.0,488,3073.0,2508,BUY
08:57:18,ESX-FUTURE,3073.0,2403,3073.0,593,BUY
08:57:18,ESX-FUTURE,3073.0,2063,3073.0,933,BUY
08:57:20,ESX-FUTURE,3073.0,2860,3073.0,136,BUY
08:57:21,ESX-FUTURE,3073.0,2863,3073.0,133,BUY
08:57:23,ESX-FUTURE,3073.0,2882,3073.0,114,BUY
08:57:24,ESX-FUTURE,3073.0,144,3074.0,2852,BUY
08:57:25,ESX-FUTURE,3073.0,33,3074.0,2963,BUY
08:57:26,ESX-FUTURE,3073.0,2917,3073.0,79,BUY
08:57:26,ESX-FUTURE,3073.0,2920,3073.0,76,BUY
08:57:27,ESX-FUTURE,3073.0,61,3074.0,2935,BUY
08:57:27,ESX-FUTURE,3073.0,726,3074.0,2270,BUY
08:57:28,ESX-FUTURE,3073.0,706,3074.0,2290,BUY
08:57:29,ESX-FUTURE,3073.0,669,3074.0,2327,BUY
08:57:30,ESX-FUTURE,3073.0,135,3074.0,2861,BUY
08:57:32,ESX-FUTURE,3073.0,1290,3074.0,1706,BUY
08:57:32,ESX-FUTURE,3073.0,1251,3074.0,1745,BUY
08:57:33,ESX-FUTURE,3073.0,488,3074.0,2508,BUY
08:57:34,ESX-FUTURE,3073.0,2903,3074.0,93,BUY
08:57:36,ESX-FUTURE,3073.0,2927,3074.0,69,BUY
08:57:37,ESX-FUTURE,3073.0,2689,3073.0,307,BUY
08:57:39,ESX-FUTURE,3073.0,1549,3074.0,1447,BUY
08:57:40,ESX-FUTURE,3073.0,2769,3073.0,227,BUY
08:57:40,ESX-FUTURE,3073.0,657,3073.0,2339,BUY
08:57:42,ESX-FUTURE,3073.0,694,3073.0,2302,BUY
08:57:43,ESX-FUTURE,3073.0,439,3073.0,2557,BUY
08:57:44,ESX-FUTURE,3073.0,2401,3073.0,595,BUY
08:57:45,ESX-FUTURE,3073.0,2197,3073.0,799,BUY
08:57:46,ESX-FUTURE,3073.0,2275,3073.0,721,BUY
08:57:47,ESX-FUTURE,3073.0,2315,3073.0,681,BUY
08:57:47,ESX-FUTURE,3072.0,2582,3072.0,414,BUY
08:57:49,ESX-FUTURE,3072.0,2159,3072.0,837,BUY
08:57:50,ESX-FUTURE,3072.0,707,3072.0,2289,BUY
08:57:52,ESX-FUTURE,3072.0,430,3072.0,2566,BUY
08:57:52,ESX-FUTURE,3071.0,2830,3072.0,166,BUY
08:57:52,ESX-FUTURE,3072.0,74,3072.0,2922,BUY
08:57:53,ESX-FUTURE,3072.0,489,3072.0,2507,BUY
08:57:54,ESX-FUTURE,3072.0,208,3072.0,2788,BUY
08:57:55,ESX-FUTURE,3072.0,259,3072.0,2737,BUY
08:57:56,ESX-FUTURE,3072.0,62,3072.0,2934,BUY
08:57:57,ESX-FUTURE,3072.0,227,3072.0,2769,BUY
08:57:58,ESX-FUTURE,3072.0,2671,3072.0,325,BUY
08:57:59,ESX-FUTURE,3072.0,2512,3072.0,484,BUY
08:58:00,ESX-FUTURE,3072.0,2469,3072.0,527,NOTHING
08:58:01,ESX-FUTURE,3072.0,2371,3072.0,625,NOTHING
08:58:02,ESX-FUTURE,3072.0,1471,3072.0,1525,NOTHING
08:58:03,ESX-FUTURE,3073.0,1748,3073.0,1248,NOTHING
08:58:03,ESX-FUTURE,3073.0,1753,3073.0,1243,NOTHING
08:58:05,ESX-FUTURE,3073.0,1280,3073.0,1716,NOTHING
08:58:05,ESX-FUTURE,3072.0,2528,3073.0,468,NOTHING
08:58:06,ESX-FUTURE,3072.0,106,3072.0,2890,NOTHING
08:58:08,ESX-FUTURE,3072.0,2030,3072.0,966,NOTHING
08:58:08,ESX-FUTURE,3075.0,1984,3075.0,1012,NOTHING
08:58:09,ESX-FUTURE,3077.0,149,3078.0,2847,NOTHING
08:58:09,ESX-FUTURE,3079.0,1442,3080.0,1554,NOTHING
08:58:10,ESX-FUTURE,3080.0,33,3080.0,2963,NOTHING
08:58:11,ESX-FUTURE,3079.0,945,3080.0,2051,NOTHING
08:58:12,ESX-FUTURE,3079.0,2224,3080.0,772,NOTHING
08:58:14,ESX-FUTURE,3079.0,2730,3080.0,266,NOTHING
08:58:15,ESX-FUTURE,3079.0,1931,3079.0,1065,NOTHING
08:58:17,ESX-FUTURE,3079.0,2136,3079.0,860,NOTHING
08:58:18,ESX-FUTURE,3079.0,2255,3080.0,741,NOTHING
08:58:19,ESX-FUTURE,3078.0,859,3079.0,2137,NOTHING
08:58:21,ESX-FUTURE,3078.0,835,3079.0,2161,NOTHING
08:58:22,ESX-FUTURE,3078.0,447,3079.0,2549,NOTHING
08:58:23,ESX-FUTURE,3078.0,753,3079.0,2243,NOTHING
08:58:23,ESX-FUTURE,3078.0,411,3079.0,2585,NOTHING
08:58:24,ESX-FUTURE,3078.0,1520,3078.0,1476,NOTHING
08:58:25,ESX-FUTURE,3078.0,1323,3078.0,1673,NOTHING
08:58:25,ESX-FUTURE,3077.0,2717,3078.0,279,NOTHING
08:58:26,ESX-FUTURE,3078.0,1337,3078.0,1659,NOTHING
08:58:26,ESX-FUTURE,3078.0,1280,3078.0,1716,NOTHING
08:58:27,ESX-FUTURE,3078.0,2553,3078.0,443,NOTHING
08:58:29,ESX-FUTURE,3078.0,2870,3078.0,126,NOTHING
08:58:29,ESX-FUTURE,3078.0,2830,3078.0,166,NOTHING
08:58:30,ESX-FUTURE,3078.0,2907,3078.0,89,NOTHING
08:58:31,ESX-FUTURE,3078.0,2489,3078.0,507,NOTHING
08:58:31,ESX-FUTURE,3078.0,1219,3078.0,1777,NOTHING
08:58:32,ESX-FUTURE,3078.0,2346,3078.0,650,NOTHING
08:58:33,ESX-FUTURE,3077.0,1613,3078.0,1383,NOTHING
08:58:34,ESX-FUTURE,3077.0,1728,3078.0,1268,NOTHING
08:58:36,ESX-FUTURE,3077.0,1491,3078.0,1505,NOTHING
08:58:36,ESX-FUTURE,3077.0,2631,3077.0,365,NOTHING
08:58:37,ESX-FUTURE,3077.0,1345,3077.0,1651,NOTHING
08:58:39,ESX-FUTURE,3077.0,1659,3077.0,1337,NOTHING
08:58:40,ESX-FUTURE,3074.0,2900,3074.0,96,NOTHING
08:58:40,ESX-FUTURE,3074.0,242,3074.0,2754,NOTHING
08:58:42,ESX-FUTURE,3074.0,2691,3074.0,305,NOTHING
08:58:43,ESX-FUTURE,3074.0,2770,3074.0,226,NOTHING
08:58:43,ESX-FUTURE,3074.0,1631,3074.0,1365,NOTHING
08:58:44,ESX-FUTURE,3074.0,1110,3074.0,1886,NOTHING
08:58:45,ESX-FUTURE,3074.0,2443,3074.0,553,NOTHING
08:58:46,ESX-FUTURE,3074.0,2549,3074.0,447,NOTHING
08:58:47,ESX-FUTURE,3074.0,2326,3074.0,670,NOTHING
08:58:49,ESX-FUTURE,3074.0,1021,3075.0,1975,NOTHING
08:58:49,ESX-FUTURE,3074.0,2793,3075.0,203,NOTHING
08:58:51,ESX-FUTURE,3075.0,58,3075.0,2938,NOTHING
08:58:53,ESX-FUTURE,3074.0,2835,3075.0,161,NOTHING
08:58:54,ESX-FUTURE,3074.0,2665,3075.0,331,NOTHING
08:58:55,ESX-FUTURE,3075.0,2911,3075.0,85,NOTHING
08:58:56,ESX-FUTURE,3075.0,2064,3075.0,932,NOTHING
08:58:57,ESX-FUTURE,3075.0,2045,3075.0,951,NOTHING
08:58:58,ESX-FUTURE,3075.0,835,3075.0,2161,NOTHING
08:58:59,ESX-FUTURE,3075.0,2183,3075.0,813,NOTHING
08:59:00,ESX-FUTURE,3075.0,2096,3075.0,900,NOTHING
08:59:01,ESX-FUTURE,3075.0,2076,3075.0,920,NOTHING
08:59:02,ESX-FUTURE,3075.0,1648,3075.0,1348,NOTHING
08:59:02,ESX-FUTURE,3075.0,1950,3075.0,1046,NOTHING
08:59:04,ESX-FUTURE,3075.0,1965,3075.0,1031,NOTHING
08:59:05,ESX-FUTURE,3075.0,1863,3075.0,1133,NOTHING
08:59:05,ESX-FUTURE,3075.0,2356,3075.0,640,NOTHING
08:59:07,ESX-FUTURE,3075.0,2795,3075.0,201,NOTHING
08:59:08,ESX-FUTURE,3076.0,486,3076.0,2510,NOTHING
08:59:10,ESX-FUTURE,3076.0,160,3076.0,2836,NOTHING
08:59:11,ESX-FUTURE,3076.0,2423,3076.0,573,NOTHING
08:59:13,ESX-FUTURE,3076.0,318,3076.0,2678,NOTHING
08:59:14,ESX-FUTURE,3076.0,278,3076.0,2718,NOTHING
08:59:14,ESX-FUTURE,3076.0,950,3076.0,2046,NOTHING
08:59:15,ESX-FUTURE,3076.0,1009,3076.0,1987,NOTHING
08:59:16,ESX-FUTURE,3076.0,2567,3076.0,429,NOTHING
08:59:17,ESX-FUTURE,3076.0,2505,3077.0,491,NOTHING
08:59:19,ESX-FUTURE,3076.0,169,3076.0,2827,NOTHING
08:59:20,ESX-FUTURE,3076.0,1982,3076.0,1014,NOTHING
08:59:21,ESX-FUTURE,3076.0,2343,3076.0,653,NOTHING
08:59:22,ESX-FUTURE,3076.0,1377,3076.0,1619,NOTHING
08:59:24,ESX-FUTURE,3076.0,1613,3076.0,1383,NOTHING
08:59:25,ESX-FUTURE,3076.0,93,3076.0,2903,NOTHING
08:59:26,ESX-FUTURE,3076.0,370,3077.0,2626,NOTHING
08:59:27,ESX-FUTURE,3076.0,554,3077.0,2442,NOTHING
08:59:29,ESX-FUTURE,3076.0,303,3077.0,2693,NOTHING
08:59:29,ESX-FUTURE,3076.0,269,3077.0,2727,NOTHING
08:59:31,ESX-FUTURE,3076.0,2896,3076.0,100,NOTHING
08:59:33,ESX-FUTURE,3076.0,458,3077.0,2538,NOTHING
08:59:34,ESX-FUTURE,3077.0,1478,3077.0,1518,NOTHING
08:59:35,ESX-FUTURE,3077.0,2150,3077.0,846,NOTHING
08:59:36,ESX-FUTURE,3080.0,1226,3080.0,1770,NOTHING
08:59:36,ESX-FUTURE,3080.0,1785,3080.0,1211,NOTHING
08:59:36,ESX-FUTURE,3080.0,2381,3080.0,615,NOTHING
08:59:37,ESX-FUTURE,3080.0,2232,3081.0,764,NOTHING
08:59:38,ESX-FUTURE,3083.0,39,3084.0,2957,NOTHING
08:59:38,ESX-FUTURE,3083.0,870,3084.0,2126,NOTHING
08:59:40,ESX-FUTURE,3083.0,2023,3083.0,973,NOTHING
08:59:41,ESX-FUTURE,3083.0,497,3083.0,2499,NOTHING
08:59:42,ESX-FUTURE,3083.0,2925,3083.0,71,NOTHING
08:59:44,ESX-FUTURE,3083.0,336,3083.0,2660,NOTHING
08:59:45,ESX-FUTURE,3083.0,145,3083.0,2851,NOTHING
08:59:47,ESX-FUTURE,3083.0,2689,3083.0,307,NOTHING
08:59:47,ESX-FUTURE,3081.0,440,3082.0,2556,NOTHING
08:59:49,ESX-FUTURE,3081.0,564,3082.0,2432,NOTHING
08:59:50,ESX-FUTURE,3081.0,638,3082.0,2358,NOTHING
08:59:52,ESX-FUTURE,3083.0,1253,3084.0,1743,NOTHING
08:59:53,ESX-FUTURE,3084.0,1221,3084.0,1775,NOTHING
08:59:53,ESX-FUTURE,3084.0,970,3084.0,2026,NOTHING
08:59:55,ESX-FUTURE,3084.0,878,3084.0,2118,NOTHING
08:59:55,ESX-FUTURE,3084.0,961,3084.0,2035,NOTHING
08:59:57,ESX-FUTURE,3084.0,933,3084.0,2063,NOTHING
08:59:58,ESX-FUTURE,3084.0,2263,3084.0,733,NOTHING
08:59:59,ESX-FUTURE,3084.0,980,3085.0,2016,NOTHING
09:00:00,ESX-FUTURE,3084.0,1944,3085.0,1052,SELL
09:00:01,ESX-FUTURE,3084.0,1692,3085.0,1304,SELL
09:00:01,ESX-FUTURE,3084.0,1749,3085.0,1247,SELL
09:00:03,ESX-FUTURE,3085.0,2510,3086.0,486,SELL
09:00:04,ESX-FUTURE,3085.0,2737,3086.0,259,SELL
09:00:05,ESX-FUTURE,3085.0,2743,3086.0,253,SELL
09:00:06,ESX-FUTURE,3085.0,2686,3086.0,310,SELL
09:00:07,ESX-FUTURE,3085.0,2292,3086.0,704,SELL
09:00:08,ESX-FUTURE,3085.0,2801,3086.0,195,SELL
09:00:08,ESX-FUTURE,3085.0,699,3086.0,2297,SELL
09:00:10,ESX-FUTURE,3084.0,585,3085.0,2411,SELL
09:00:11,ESX-FUTURE,3084.0,2025,3085.0,971,SELL
09:00:12,ESX-FUTURE,3084.0,2769,3085.0,227,SELL
09:00:12,ESX-FUTURE,3085.0,1805,3085.0,1191,SELL
09:00:13,ESX-FUTURE,3085.0,1320,3085.0,1676,SELL
09:00:14,ESX-FUTURE,3085.0,1307,3085.0,1689,SELL
09:00:15,ESX-FUTURE,3085.0,2206,3085.0,790,SELL
09:00:16,ESX-FUTURE,3085.0,2665,3085.0,331,SELL
09:00:18,ESX-FUTURE,3085.0,2784,3085.0,212,SELL
09:00:19,ESX-FUTURE,3085.0,446,3085.0,2550,SELL
09:00:21,ESX-FUTURE,3085.0,2587,3085.0,409,SELL
09:00:22,ESX-FUTURE,3085.0,2554,3085.0,442,SELL
09:00:23,ESX-FUTURE,3085.0,2008,3085.0,988,SELL
09:00:23,ESX-FUTURE,3085.0,1616,3085.0,1380,SELL
09:00:24,ESX-FUTURE,3084.0,2204,3085.0,792,SELL
09:00:25,ESX-FUTURE,3085.0,66,3085.0,2930,SELL
09:00:26,ESX-FUTURE,3084.0,849,3085.0,2147,SELL
09:00:26,ESX-FUTURE,3084.0,1912,3084.0,1084,SELL
09:00:26,ESX-FUTURE,3084.0,2246,3084.0,750,SELL
09:00:28,ESX-FUTURE,3084.0,2283,3084.0,713,SELL
09:00:29,ESX-FUTURE,3084.0,2424,3084.0,572,SELL
09:00:29,ESX-FUTURE,3084.0,476,3084.0,2520,SELL
09:00:29,ESX-FUTURE,3084.0,650,3084.0,2346,SELL
09:00:30,ESX-FUTURE,3084.0,663,3084.0,2333,SELL
09:00:32,ESX-FUTURE,3083.0,2196,3084.0,800,SELL
09:00:32,ESX-FUTURE,3084.0,1937,3084.0,1059,SELL
09:00:33,ESX-FUTURE,3083.0,1417,3084.0,1579,SELL
09:00:34,ESX-FUTURE,3083.0,899,3084.0,2097,SELL
09:00:36,ESX-FUTURE,3083.0,1819,3083.0,1177,SELL
09:00:37,ESX-FUTURE,3083.0,1303,3083.0,1693,SELL
09:00:39,ESX-FUTURE,3085.0,1372,3085.0,1624,SELL
09:00:40,ESX-FUTURE,3085.0,1422,3085.0,1574,SELL
09:00:40,ESX-FUTURE,3085.0,2186,3085.0,810,SELL
09:00:42,ESX-FUTURE,3085.0,2693,3085.0,303,SELL
09:00:42,ESX-FUTURE,3085.0,2227,3085.0,769,SELL
09:00:44,ESX-FUTURE,3085.0,2168,3085.0,828,SELL
09:00:45,ESX-FUTURE,3085.0,2888,3085.0,108,SELL
09:00:46,ESX-FUTURE,3085.0,2899,3085.0,97,SELL
09:00:48,ESX-FUTURE,3085.0,1324,3086.0,1672,SELL
09:00:48,ESX-FUTURE,3086.0,415,3086.0,2581,SELL
09:00:50,ESX-FUTURE,3085.0,2512,3086.0,484,SELL
09:00:51,ESX-FUTURE,3085.0,2761,3086.0,235,SELL
09:00:52,ESX-FUTURE,3085.0,2115,3086.0,881,SELL
09:00:53,ESX-FUTURE,3085.0,1990,3086.0,1006,SELL
09:00:53,ESX-FUTURE,3085.0,2854,3086.0,142,SELL
09:00:54,ESX-FUTURE,3086.0,59,3086.0,2937,SELL
09:00:55,ESX-FUTURE,3085.0,456,3086.0,2540,SELL
09:00:57,ESX-FUTURE,3085.0,2537,3086.0,459,SELL
09:00:57,ESX-FUTURE,3083.0,958,3084.0,2038,SELL
09:00:58,ESX-FUTURE,3084.0,2443,3084.0,553,SELL
09:00:59,ESX-FUTURE,3084.0,925,3085.0,2071,SELL
09:01:01,ESX-FUTURE,3085.0,1078,3085.0,1918,NOTHING
09:01:02,ESX-FUTURE,3085.0,808,3085.0,2188,NOTHING
09:01:03,ESX-FUTURE,3085.0,664,3085.0,2332,NOTHING
09:01:03,ESX-FUTURE,3085.0,348,3085.0,2648,NOTHING
09:01:04,ESX-FUTURE,3085.0,1722,3085.0,1274,NOTHING
09:01:04,ESX-FUTURE,3085.0,1747,3085.0,1249,NOTHING
09:01:05,ESX-FUTURE,3085.0,2334,3085.0,662,NOTHING
09:01:06,ESX-FUTURE,3085.0,2358,3085.0,638,NOTHING
09:01:08,ESX-FUTURE,3085.0,2360,3085.0,636,NOTHING
09:01:09,ESX-FUTURE,3085.0,2357,3085.0,639,NOTHING
09:01:10,ESX-FUTURE,3085.0,2240,3085.0,756,NOTHING
09:01:10,ESX-FUTURE,3084.0,2667,3084.0,329,NOTHING
09:01:12,ESX-FUTURE,3080.0,1121,3080.0,1875,NOTHING
09:01:13,ESX-FUTURE,3080.0,1375,3080.0,1621,NOTHING
09:01:14,ESX-FUTURE,3080.0,976,3080.0,2020,NOTHING
09:01:15,ESX-FUTURE,3080.0,722,3080.0,2274,NOTHING
09:01:17,ESX-FUTURE,3080.0,682,3080.0,2314,NOTHING
09:01:17,ESX-FUTURE,3080.0,902,3080.0,2094,NOTHING
09:01:18,ESX-FUTURE,3080.0,727,3080.0,2269,NOTHING
09:01:19,ESX-FUTURE,3080.0,717,3080.0,2279,NOTHING
09:01:19,ESX-FUTURE,3084.0,642,3084.0,2354,NOTHING
09:01:20,ESX-FUTURE,3083.0,1246,3084.0,1750,NOTHING
09:01:21,ESX-FUTURE,3079.0,788,3080.0,2208,NOTHING
09:01:22,ESX-FUTURE,3079.0,754,3080.0,2242,NOTHING
09:01:23,ESX-FUTURE,3079.0,1504,3079.0,1492,NOTHING
09:01:25,ESX-FUTURE,3079.0,1184,3079.0,1812,NOTHING
09:01:26,ESX-FUTURE,3079.0,1229,3079.0,1767,NOTHING
09:01:27,ESX-FUTURE,3079.0,1196,3079.0,1800,NOTHING
09:01:28,ESX-FUTURE,3079.0,305,3079.0,2691,NOTHING
09:01:29,ESX-FUTURE,3080.0,1613,3080.0,1383,NOTHING
09:01:30,ESX-FUTURE,3080.0,693,3080.0,2303,NOTHING
09:01:32,ESX-FUTURE,3080.0,116,3080.0,2880,NOTHING
09:01:32,ESX-FUTURE,3080.0,38,3080.0,2958,NOTHING
09:01:33,ESX-FUTURE,3080.0,1807,3080.0,1189,NOTHING
09:01:34,ESX-FUTURE,3080.0,1721,3080.0,1275,NOTHING
09:01:35,ESX-FUTURE,3080.0,1716,3080.0,1280,NOTHING
09:01:36,ESX-FUTURE,3080.0,1698,3080.0,1298,NOTHING
09:01:37,ESX-FUTURE,3080.0,1691,3080.0,1305,NOTHING
09:01:38,ESX-FUTURE,3080.0,1824,3080.0,1172,NOTHING
09:01:40,ESX-FUTURE,3080.0,1787,3080.0,1209,NOTHING
09:01:41,ESX-FUTURE,3080.0,2839,3080.0,157,NOTHING
09:01:42,ESX-FUTURE,3080.0,915,3080.0,2081,NOTHING
09:01:43,ESX-FUTURE,3080.0,923,3080.0,2073,NOTHING
09:01:45,ESX-FUTURE,3080.0,242,3080.0,2754,NOTHING
09:01:45,ESX-FUTURE,3080.0,7,3080.0,2989,NOTHING
09:01:46,ESX-FUTURE,3080.0,1882,3080.0,1114,NOTHING
09:01:48,ESX-FUTURE,3079.0,2254,3079.0,742,NOTHING
09:01:50,ESX-FUTURE,3080.0,390,3081.0,2606,NOTHING
09:01:50,ESX-FUTURE,3081.0,518,3081.0,2478,NOTHING
09:01:51,ESX-FUTURE,3081.0,806,3081.0,2190,NOTHING
09:01:52,ESX-FUTURE,3081.0,818,3081.0,2178,NOTHING
09:01:52,ESX-FUTURE,3081.0,2276,3081.0,720,NOTHING
09:01:53,ESX-FUTURE,3080.0,1193,3080.0,1803,NOTHING
09:01:54,ESX-FUTURE,3080.0,1274,3080.0,1722,NOTHING
09:01:55,ESX-FUTURE,3080.0,1270,3080.0,1726,NOTHING
09:01:56,ESX-FUTURE,3080.0,1619,3080.0,1377,NOTHING
09:01:57,ESX-FUTURE,3081.0,816,3081.0,2180,NOTHING
09:01:59,ESX-FUTURE,3080.0,1479,3081.0,1517,NOTHING
09:02:00,ESX-FUTURE,3081.0,1984,3081.0,1012,NOTHING
09:02:01,ESX-FUTURE,3081.0,174,3081.0,2822,NOTHING
09:02:01,ESX-FUTURE,3083.0,577,3083.0,2419,NOTHING
09:02:03,ESX-FUTURE,3083.0,569,3083.0,2427,NOTHING
09:02:03,ESX-FUTURE,3083.0,797,3083.0,2199,NOTHING
09:02:04,ESX-FUTURE,3083.0,797,3083.0,2199,NOTHING
09:02:05,ESX-FUTURE,3082.0,192,3082.0,2804,NOTHING
09:02:06,ESX-FUTURE,3081.0,1601,3081.0,1395,NOTHING
09:02:07,ESX-FUTURE,3081.0,1324,3081.0,1672,NOTHING
09:02:08,ESX-FUTURE,3081.0,1191,3081.0,1805,NOTHING
09:02:10,ESX-FUTURE,3081.0,1487,3081.0,1509,NOTHING
09:02:10,ESX-FUTURE,3081.0,1416,3081.0,1580,NOTHING
09:02:11,ESX-FUTURE,3081.0,2523,3082.0,473,NOTHING
09:02:12,ESX-FUTURE,3081.0,2515,3082.0,481,NOTHING
09:02:13,ESX-FUTURE,3081.0,2526,3082.0,470,NOTHING
09:02:15,ESX-FUTURE,3081.0,2545,3082.0,451,NOTHING
09:02:16,ESX-FUTURE,3081.0,2471,3082.0,525,NOTHING
09:02:17,ESX-FUTURE,3082.0,656,3082.0,2340,NOTHING
09:02:18,ESX-FUTURE,3081.0,1007,3082.0,1989,NOTHING
09:02:20,ESX-FUTURE,3081.0,598,3082.0,2398,NOTHING
09:02:21,ESX-FUTURE,3082.0,744,3082.0,2252,NOTHING
09:02:23,ESX-FUTURE,3082.0,354,3082.0,2642,NOTHING
09:02:24,ESX-FUTURE,3082.0,860,3082.0,2136,NOTHING
09:02:26,ESX-FUTURE,3082.0,119,3082.0,2877,NOTHING
09:02:27,ESX-FUTURE,3082.0,381,3082.0,2615,NOTHING
09:02:29,ESX-FUTURE,3082.0,1692,3082.0,1304,NOTHING
09:02:30,ESX-FUTURE,3082.0,1685,3082.0,1311,NOTHING
09:02:30,ESX-FUTURE,3082.0,1831,3082.0,1165,NOTHING
09:02:31,ESX-FUTURE,3082.0,1736,3082.0,1260,NOTHING
09:02:32,ESX-FUTURE,3082.0,1634,3082.0,1362,NOTHING
09:02:33,ESX-FUTURE,3082.0,1969,3082.0,1027,NOTHING
09:02:34,ESX-FUTURE,3080.0,1160,3081.0,1836,NOTHING
09:02:35,ESX-FUTURE,3080.0,1160,3081.0,1836,NOTHING
09:02:36,ESX-FUTURE,3080.0,421,3081.0,2575,NOTHING
09:02:37,ESX-FUTURE,3080.0,1489,3081.0,1507,NOTHING
09:02:38,ESX-FUTURE,3080.0,445,3081.0,2551,NOTHING
09:02:38,ESX-FUTURE,3080.0,797,3081.0,2199,NOTHING
09:02:39,ESX-FUTURE,3080.0,797,3081.0,2199,NOTHING
09:02:41,ESX-FUTURE,3080.0,2932,3081.0,64,NOTHING
09:02:42,ESX-FUTURE,3081.0,665,3081.0,2331,NOTHING
09:02:42,ESX-FUTURE,3081.0,1355,3081.0,1641,NOTHING
09:02:43,ESX-FUTURE,3081.0,1578,3081.0,1418,NOTHING
09:02:44,ESX-FUTURE,3081.0,2014,3081.0,982,NOTHING
09:02:44,ESX-FUTURE,3080.0,252,3081.0,2744,NOTHING
09:02:44,ESX-FUTURE,3080.0,347,3081.0,2649,NOTHING
09:02:45,ESX-FUTURE,3080.0,323,3081.0,2673,NOTHING
09:02:46,ESX-FUTURE,3080.0,41,3081.0,2955,NOTHING
09:02:47,ESX-FUTURE,3080.0,295,3081.0,2701,NOTHING
09:02:48,ESX-FUTURE,3080.0,2040,3081.0,956,NOTHING
09:02:48,ESX-FUTURE,3080.0,1850,3081.0,1146,NOTHING
09:02:49,ESX-FUTURE,3080.0,2909,3081.0,87,NOTHING
09:02:50,ESX-FUTURE,3080.0,2736,3081.0,260,NOTHING
09:02:51,ESX-FUTURE,3080.0,2700,3081.0,296,NOTHING
09:02:52,ESX-FUTURE,3080.0,1250,3080.0,1746,NOTHING
09:02:54,ESX-FUTURE,3080.0,270,3080.0,2726,NOTHING
09:02:55,ESX-FUTURE,3080.0,2401,3080.0,595,NOTHING
09:02:55,ESX-FUTURE,3080.0,1592,3080.0,1404,NOTHING
09:02:56,ESX-FUTURE,3079.0,2679,3080.0,317,NOTHING
09:02:58,ESX-FUTURE,3079.0,2671,3080.0,325,NOTHING
09:02:59,ESX-FUTURE,3080.0,2343,3080.0,653,NOTHING
09:03:00,ESX-FUTURE,3079.0,1108,3080.0,1888,NOTHING
09:03:01,ESX-FUTURE,3079.0,1591,3080.0,1405,NOTHING
09:03:03,ESX-FUTURE,3079.0,1393,3080.0,1603,NOTHING
09:03:04,ESX-FUTURE,3079.0,2121,3080.0,875,NOTHING
09:03:05,ESX-FUTURE,3079.0,513,3079.0,2483,NOTHING
09:03:06,ESX-FUTURE,3079.0,771,3079.0,2225,NOTHING
09:03:07,ESX-FUTURE,3078.0,590,3079.0,2406,NOTHING
09:03:07,ESX-FUTURE,3079.0,65,3079.0,2931,NOTHING
09:03:09,ESX-FUTURE,3079.0,2579,3079.0,417,NOTHING
09:03:10,ESX-FUTURE,3079.0,2472,3079.0,524,NOTHING
09:03:12,ESX-FUTURE,3079.0,2208,3079.0,788,NOTHING
09:03:14,ESX-FUTURE,3079.0,717,3079.0,2279,NOTHING
09:03:14,ESX-FUTURE,3079.0,223,3079.0,2773,NOTHING
09:03:16,ESX-FUTURE,3078.0,2214,3079.0,782,NOTHING
09:03:17,ESX-FUTURE,3078.0,1582,3079.0,1414,NOTHING
09:03:17,ESX-FUTURE,3078.0,2515,3078.0,481,NOTHING
09:03:20,ESX-FUTURE,3078.0,2561,3078.0,435,NOTHING
09:03:21,ESX-FUTURE,3078.0,501,3078.0,2495,NOTHING
09:03:22,ESX-FUTURE,3078.0,836,3078.0,2160,NOTHING
09:03:23,ESX-FUTURE,3080.0,81,3081.0,2915,NOTHING
09:03:24,ESX-FUTURE,3080.0,1729,3081.0,1267,NOTHING
09:03:25,ESX-FUTURE,3081.0,628,3081.0,2368,NOTHING
09:03:25,ESX-FUTURE,3081.0,546,3081.0,2450,NOTHING
09:03:26,ESX-FUTURE,3081.0,1991,3081.0,1005,NOTHING
09:03:26,ESX-FUTURE,3080.0,2778,3080.0,218,NOTHING
09:03:27,ESX-FUTURE,3080.0,941,3080.0,2055,NOTHING
09:03:28,ESX-FUTURE,3080.0,2184,3080.0,812,NOTHING
09:03:29,ESX-FUTURE,3080.0,2043,3080.0,953,NOTHING
09:03:29,ESX-FUTURE,3080.0,1845,3080.0,1151,NOTHING
09:03:31,ESX-FUTURE,3079.0,958,3079.0,2038,NOTHING
09:03:33,ESX-FUTURE,3079.0,768,3080.0,2228,NOTHING
09:03:34,ESX-FUTURE,3079.0,2287,3080.0,709,NOTHING
09:03:35,ESX-FUTURE,3079.0,1745,3080.0,1251,NOTHING
09:03:36,ESX-FUTURE,3080.0,1302,3081.0,1694,NOTHING
09:03:37,ESX-FUTURE,3080.0,43,3081.0,2953,NOTHING
09:03:38,ESX-FUTURE,3080.0,2964,3080.0,32,NOTHING
09:03:39,ESX-FUTURE,3080.0,312,3081.0,2684,NOTHING
09:03:41,ESX-FUTURE,3080.0,1954,3081.0,1042,NOTHING
09:03:42,ESX-FUTURE,3081.0,2373,3081.0,623,NOTHING
09:03:43,ESX-FUTURE,3081.0,2375,3081.0,621,NOTHING
09:03:45,ESX-FUTURE,3081.0,1273,3081.0,1723,NOTHING
09:03:45,ESX-FUTURE,3081.0,98,3081.0,2898,NOTHING
