Timestamp,Instrument,Bid Price,Bid Volume,Ask Price,Ask Volume
02:24:13,SP-FUTURE,3093.0,2654,3093.0,194
02:24:14,ESX-FUTURE,3104.0,467,3104.0,2500
02:24:14,SP-FUTURE,3093.0,2664,3093.0,184
02:24:15,ESX-FUTURE,3104.0,480,3104.0,2487
02:24:15,SP-FUTURE,3093.0,976,3094.0,1872
02:24:16,SP-FUTURE,3093.0,2754,3093.0,94
02:24:16,ESX-FUTURE,3104.0,196,3104.0,2771
02:24:16,SP-FUTURE,3093.0,2656,3093.0,192
02:24:17,ESX-FUTURE,3104.0,1815,3104.0,1152
02:24:17,ESX-FUTURE,3104.0,1869,3104.0,1098
02:24:18,ESX-FUTURE,3104.0,2046,3104.0,921
02:24:19,SP-FUTURE,3093.0,2406,3093.0,442
02:24:19,SP-FUTURE,3093.0,296,3094.0,2552
02:24:20,ESX-FUTURE,3105.0,560,3106.0,2407
02:24:20,SP-FUTURE,3094.0,612,3094.0,2236
02:24:21,ESX-FUTURE,3105.0,2946,3105.0,21
02:24:21,ESX-FUTURE,3105.0,2965,3105.0,2
02:24:21,ESX-FUTURE,3105.0,1720,3105.0,1247
02:24:22,SP-FUTURE,3094.0,946,3095.0,1902
02:24:23,SP-FUTURE,3095.0,2520,3095.0,328
02:24:23,ESX-FUTURE,3105.0,1561,3105.0,1406
02:24:23,SP-FUTURE,3095.0,2661,3095.0,187
02:24:24,SP-FUTURE,3095.0,2816,3095.0,32
02:24:24,SP-FUTURE,3095.0,537,3096.0,2311
02:24:25,ESX-FUTURE,3105.0,328,3105.0,2639
02:24:25,SP-FUTURE,3095.0,437,3096.0,2411
02:24:26,SP-FUTURE,3095.0,2505,3095.0,343
02:24:26,ESX-FUTURE,3105.0,662,3105.0,2305
02:24:27,SP-FUTURE,3095.0,2447,3095.0,401
02:24:27,ESX-FUTURE,3105.0,1373,3105.0,1594
02:24:27,SP-FUTURE,3095.0,982,3096.0,1866
02:24:28,ESX-FUTURE,3105.0,435,3106.0,2532
02:24:28,SP-FUTURE,3095.0,1715,3095.0,1133
02:24:28,SP-FUTURE,3095.0,1370,3095.0,1478
02:24:29,SP-FUTURE,3095.0,404,3095.0,2444
02:24:29,ESX-FUTURE,3105.0,1691,3106.0,1276
02:24:30,ESX-FUTURE,3105.0,1994,3105.0,973
02:24:30,SP-FUTURE,3095.0,413,3095.0,2435
02:24:31,ESX-FUTURE,3105.0,350,3106.0,2617
02:24:32,SP-FUTURE,3095.0,1231,3095.0,1617
02:24:32,ESX-FUTURE,3105.0,1510,3106.0,1457
02:24:33,SP-FUTURE,3095.0,258,3095.0,2590
02:24:33,ESX-FUTURE,3105.0,1389,3106.0,1578
02:24:33,SP-FUTURE,3094.0,883,3095.0,1965
02:24:34,SP-FUTURE,3095.0,1592,3095.0,1256
02:24:34,ESX-FUTURE,3105.0,2339,3105.0,628
02:24:35,SP-FUTURE,3095.0,1205,3095.0,1643
02:24:35,ESX-FUTURE,3106.0,2389,3106.0,578
02:24:35,ESX-FUTURE,3106.0,1176,3106.0,1791
02:24:36,SP-FUTURE,3095.0,1025,3095.0,1823
02:24:36,ESX-FUTURE,3106.0,1498,3106.0,1469
02:24:37,ESX-FUTURE,3106.0,1657,3106.0,1310
02:24:37,SP-FUTURE,3095.0,1022,3095.0,1826
02:24:38,SP-FUTURE,3095.0,815,3095.0,2033
02:24:38,SP-FUTURE,3095.0,1354,3095.0,1494
02:24:39,ESX-FUTURE,3105.0,1556,3105.0,1411
02:24:39,ESX-FUTURE,3106.0,1358,3106.0,1609
02:24:40,SP-FUTURE,3095.0,1081,3095.0,1767
02:24:40,SP-FUTURE,3094.0,1250,3095.0,1598
02:24:40,ESX-FUTURE,3105.0,9,3106.0,2958
02:24:41,SP-FUTURE,3094.0,1283,3095.0,1565
02:24:41,ESX-FUTURE,3105.0,1698,3106.0,1269
02:24:42,ESX-FUTURE,3105.0,2904,3105.0,63
02:24:42,SP-FUTURE,3094.0,992,3095.0,1856
02:24:43,ESX-FUTURE,3105.0,1055,3105.0,1912
02:24:43,ESX-FUTURE,3105.0,1009,3105.0,1958
02:24:44,SP-FUTURE,3095.0,882,3095.0,1966
02:24:44,SP-FUTURE,3095.0,2159,3095.0,689
02:24:45,ESX-FUTURE,3105.0,633,3105.0,2334
02:24:45,SP-FUTURE,3094.0,187,3095.0,2661
02:24:46,ESX-FUTURE,3105.0,465,3105.0,2502
02:24:46,SP-FUTURE,3094.0,2466,3094.0,382
02:24:46,ESX-FUTURE,3105.0,1036,3105.0,1931
02:24:46,SP-FUTURE,3094.0,1199,3094.0,1649
02:24:47,ESX-FUTURE,3103.0,2219,3104.0,748
02:24:47,SP-FUTURE,3094.0,1396,3094.0,1452
02:24:48,SP-FUTURE,3094.0,2475,3094.0,373
02:24:48,SP-FUTURE,3094.0,1976,3094.0,872
02:24:49,ESX-FUTURE,3103.0,2729,3103.0,238
02:24:49,SP-FUTURE,3094.0,2325,3094.0,523
02:24:50,ESX-FUTURE,3103.0,762,3104.0,2205
02:24:50,SP-FUTURE,3094.0,262,3095.0,2586
02:24:50,SP-FUTURE,3094.0,2520,3094.0,328
02:24:51,ESX-FUTURE,3103.0,775,3104.0,2192
02:24:52,SP-FUTURE,3094.0,689,3094.0,2159
02:24:52,ESX-FUTURE,3103.0,2024,3103.0,943
02:24:52,SP-FUTURE,3094.0,984,3094.0,1864
02:24:53,ESX-FUTURE,3103.0,2522,3104.0,445
02:24:54,SP-FUTURE,3094.0,2810,3094.0,38
02:24:54,ESX-FUTURE,3103.0,2525,3104.0,442
02:24:55,SP-FUTURE,3094.0,58,3094.0,2790
02:24:55,ESX-FUTURE,3103.0,2384,3104.0,583
02:24:56,SP-FUTURE,3094.0,2717,3094.0,131
02:24:56,ESX-FUTURE,3103.0,1213,3104.0,1754
02:24:56,ESX-FUTURE,3103.0,1221,3104.0,1746
02:24:56,ESX-FUTURE,3103.0,1209,3104.0,1758
02:24:57,SP-FUTURE,3094.0,2164,3094.0,684
02:24:58,SP-FUTURE,3094.0,1045,3094.0,1803
02:24:58,ESX-FUTURE,3103.0,993,3104.0,1974
02:24:59,SP-FUTURE,3094.0,32,3094.0,2816
02:24:59,ESX-FUTURE,3103.0,990,3104.0,1977
02:25:00,ESX-FUTURE,3103.0,1634,3104.0,1333
02:25:00,ESX-FUTURE,3103.0,2103,3104.0,864
02:25:00,SP-FUTURE,3094.0,1833,3094.0,1015
02:25:02,ESX-FUTURE,3104.0,133,3104.0,2834
02:25:02,SP-FUTURE,3095.0,2251,3095.0,597
02:25:02,ESX-FUTURE,3104.0,1630,3104.0,1337
02:25:03,SP-FUTURE,3095.0,2777,3095.0,71
02:25:03,ESX-FUTURE,3104.0,1365,3104.0,1602
02:25:04,ESX-FUTURE,3104.0,1373,3104.0,1594
02:25:04,SP-FUTURE,3093.0,1601,3094.0,1247
02:25:05,ESX-FUTURE,3105.0,2810,3105.0,157
02:25:05,ESX-FUTURE,3105.0,2513,3105.0,454
02:25:05,SP-FUTURE,3093.0,1128,3094.0,1720
02:25:06,ESX-FUTURE,3105.0,1198,3105.0,1769
02:25:07,SP-FUTURE,3093.0,2254,3093.0,594
02:25:07,ESX-FUTURE,3105.0,2371,3105.0,596
02:25:08,ESX-FUTURE,3105.0,2826,3105.0,141
02:25:09,SP-FUTURE,3093.0,1620,3093.0,1228
02:25:09,SP-FUTURE,3093.0,1581,3093.0,1267
02:25:09,ESX-FUTURE,3105.0,2927,3105.0,40
02:25:10,SP-FUTURE,3093.0,1583,3093.0,1265
02:25:11,ESX-FUTURE,3105.0,2688,3106.0,279
02:25:11,ESX-FUTURE,3106.0,1916,3106.0,1051
02:25:12,SP-FUTURE,3093.0,1818,3093.0,1030
02:25:12,SP-FUTURE,3093.0,174,3093.0,2674
02:25:12,ESX-FUTURE,3106.0,420,3106.0,2547
02:25:13,ESX-FUTURE,3105.0,2930,3106.0,37
02:25:14,SP-FUTURE,3093.0,171,3093.0,2677
02:25:14,ESX-FUTURE,3106.0,1233,3106.0,1734
02:25:15,SP-FUTURE,3093.0,2848,3094.0,2
02:25:16,ESX-FUTURE,3106.0,1234,3106.0,1733
02:25:16,ESX-FUTURE,3106.0,1235,3106.0,1732
02:25:16,SP-FUTURE,3094.0,2530,3094.0,320
02:25:17,ESX-FUTURE,3106.0,1251,3106.0,1716
02:25:18,SP-FUTURE,3094.0,1121,3094.0,1729
02:25:18,ESX-FUTURE,3106.0,1116,3106.0,1851
02:25:19,SP-FUTURE,3094.0,1524,3094.0,1326
02:25:19,ESX-FUTURE,3104.0,2367,3105.0,600
02:25:19,SP-FUTURE,3094.0,2728,3094.0,122
02:25:20,ESX-FUTURE,3104.0,1815,3105.0,1152
02:25:22,SP-FUTURE,3095.0,333,3095.0,2517
02:25:22,ESX-FUTURE,3104.0,1568,3105.0,1399
02:25:23,SP-FUTURE,3095.0,1983,3095.0,867
02:25:23,SP-FUTURE,3094.0,1173,3095.0,1677
02:25:23,ESX-FUTURE,3105.0,309,3106.0,2658
02:25:24,SP-FUTURE,3095.0,2004,3095.0,846
02:25:24,ESX-FUTURE,3105.0,500,3106.0,2467
02:25:25,SP-FUTURE,3095.0,2004,3095.0,846
02:25:25,ESX-FUTURE,3105.0,668,3106.0,2299
02:25:26,SP-FUTURE,3095.0,1482,3095.0,1368
02:25:27,SP-FUTURE,3095.0,1390,3095.0,1460
02:25:27,ESX-FUTURE,3106.0,2709,3106.0,258
02:25:28,SP-FUTURE,3095.0,687,3095.0,2163
02:25:28,ESX-FUTURE,3106.0,262,3107.0,2705
02:25:28,ESX-FUTURE,3106.0,64,3107.0,2903
02:25:28,SP-FUTURE,3095.0,602,3095.0,2248
02:25:30,SP-FUTURE,3095.0,1523,3095.0,1327
02:25:30,ESX-FUTURE,3106.0,1021,3107.0,1946
02:25:31,SP-FUTURE,3095.0,1635,3095.0,1215
02:25:31,SP-FUTURE,3094.0,1559,3095.0,1291
02:25:32,ESX-FUTURE,3107.0,1665,3107.0,1302
02:25:32,SP-FUTURE,3094.0,2406,3095.0,444
02:25:33,ESX-FUTURE,3107.0,708,3107.0,2259
02:25:33,ESX-FUTURE,3107.0,689,3107.0,2278
02:25:33,ESX-FUTURE,3107.0,791,3107.0,2176
02:25:34,SP-FUTURE,3094.0,2731,3094.0,119
02:25:34,SP-FUTURE,3094.0,2518,3094.0,332
02:25:35,ESX-FUTURE,3106.0,2918,3106.0,49
02:25:35,SP-FUTURE,3094.0,2571,3094.0,279
02:25:36,ESX-FUTURE,3106.0,2934,3106.0,33
02:25:37,SP-FUTURE,3094.0,2587,3094.0,263
02:25:37,ESX-FUTURE,3106.0,381,3106.0,2586
02:25:37,SP-FUTURE,3094.0,828,3094.0,2022
02:25:38,ESX-FUTURE,3106.0,491,3106.0,2476
02:25:39,SP-FUTURE,3094.0,854,3094.0,1996
02:25:39,ESX-FUTURE,3106.0,608,3106.0,2359
02:25:40,SP-FUTURE,3094.0,1779,3094.0,1071
02:25:41,SP-FUTURE,3094.0,472,3094.0,2378
02:25:41,ESX-FUTURE,3106.0,345,3106.0,2622
02:25:42,SP-FUTURE,3094.0,1371,3094.0,1479
02:25:43,ESX-FUTURE,3106.0,1367,3106.0,1600
02:25:43,SP-FUTURE,3094.0,1913,3094.0,937
02:25:43,SP-FUTURE,3094.0,826,3094.0,2024
02:25:44,ESX-FUTURE,3107.0,584,3107.0,2383
02:25:45,ESX-FUTURE,3106.0,2734,3106.0,233
02:25:46,SP-FUTURE,3090.0,362,3090.0,2488
02:25:46,ESX-FUTURE,3106.0,356,3107.0,2611
02:25:47,SP-FUTURE,3090.0,158,3090.0,2692
02:25:47,SP-FUTURE,3090.0,2279,3090.0,571
02:25:47,ESX-FUTURE,3106.0,1170,3107.0,1797
02:25:48,ESX-FUTURE,3106.0,1214,3107.0,1753
02:25:48,SP-FUTURE,3090.0,1067,3090.0,1783
02:25:49,SP-FUTURE,3090.0,1570,3090.0,1280
02:25:49,ESX-FUTURE,3106.0,758,3107.0,2209
02:25:49,SP-FUTURE,3090.0,2247,3090.0,603
02:25:50,SP-FUTURE,3090.0,2658,3091.0,192
02:25:51,ESX-FUTURE,3106.0,778,3107.0,2189
02:25:52,ESX-FUTURE,3106.0,2615,3106.0,352
02:25:52,SP-FUTURE,3090.0,2761,3091.0,89
02:25:53,ESX-FUTURE,3106.0,2565,3106.0,402
02:25:53,SP-FUTURE,3091.0,1454,3091.0,1396
02:25:53,SP-FUTURE,3091.0,2340,3091.0,510
02:25:54,ESX-FUTURE,3106.0,2707,3106.0,260
02:25:54,SP-FUTURE,3091.0,756,3091.0,2094
02:25:54,ESX-FUTURE,3106.0,2572,3106.0,395
02:25:54,SP-FUTURE,3091.0,408,3091.0,2442
02:25:55,SP-FUTURE,3091.0,2738,3091.0,112
02:25:55,SP-FUTURE,3091.0,343,3091.0,2507
02:25:57,ESX-FUTURE,3107.0,359,3107.0,2608
02:25:57,SP-FUTURE,3091.0,2789,3091.0,61
02:25:58,SP-FUTURE,3091.0,2410,3091.0,440
02:25:58,ESX-FUTURE,3107.0,388,3107.0,2579
02:25:59,ESX-FUTURE,3107.0,2834,3107.0,133
02:25:59,SP-FUTURE,3091.0,2420,3091.0,430
02:26:00,SP-FUTURE,3091.0,1689,3091.0,1161
02:26:00,ESX-FUTURE,3107.0,2680,3107.0,287
02:26:00,ESX-FUTURE,3107.0,1230,3107.0,1737
02:26:01,SP-FUTURE,3092.0,2260,3092.0,590
02:26:01,SP-FUTURE,3092.0,2534,3093.0,316
02:26:01,ESX-FUTURE,3107.0,1664,3107.0,1303
02:26:02,SP-FUTURE,3093.0,1381,3093.0,1469
02:26:02,ESX-FUTURE,3106.0,2585,3106.0,382
02:26:03,ESX-FUTURE,3106.0,1986,3107.0,981
02:26:03,SP-FUTURE,3094.0,2146,3094.0,704
02:26:03,ESX-FUTURE,3107.0,993,3107.0,1974
02:26:04,SP-FUTURE,3093.0,1919,3093.0,931
02:26:04,ESX-FUTURE,3105.0,2263,3105.0,704
02:26:05,SP-FUTURE,3093.0,1107,3093.0,1743
02:26:05,ESX-FUTURE,3105.0,207,3106.0,2760
02:26:06,ESX-FUTURE,3106.0,2276,3106.0,691
02:26:06,SP-FUTURE,3093.0,876,3093.0,1974
02:26:07,SP-FUTURE,3093.0,727,3094.0,2123
02:26:07,ESX-FUTURE,3106.0,2301,3106.0,666
02:26:08,SP-FUTURE,3093.0,1964,3093.0,886
02:26:09,ESX-FUTURE,3106.0,1404,3106.0,1563
02:26:09,ESX-FUTURE,3106.0,691,3106.0,2276
02:26:09,ESX-FUTURE,3103.0,1762,3103.0,1205
02:26:09,ESX-FUTURE,3103.0,1608,3103.0,1359
02:26:09,SP-FUTURE,3093.0,2545,3093.0,305
02:26:09,ESX-FUTURE,3103.0,1918,3103.0,1049
02:26:10,SP-FUTURE,3091.0,828,3091.0,2022
02:26:10,ESX-FUTURE,3103.0,1488,3103.0,1479
02:26:11,SP-FUTURE,3092.0,99,3092.0,2751
02:26:11,ESX-FUTURE,3103.0,1388,3103.0,1579
02:26:12,ESX-FUTURE,3103.0,1241,3103.0,1726
02:26:13,SP-FUTURE,3094.0,1895,3094.0,955
02:26:13,ESX-FUTURE,3102.0,2823,3102.0,144
02:26:14,SP-FUTURE,3094.0,1883,3094.0,967
02:26:15,ESX-FUTURE,3102.0,2837,3102.0,130
02:26:16,SP-FUTURE,3094.0,1452,3094.0,1398
02:26:16,ESX-FUTURE,3102.0,442,3103.0,2525
02:26:16,ESX-FUTURE,3103.0,2374,3103.0,593
02:26:16,SP-FUTURE,3093.0,2382,3093.0,468
02:26:18,ESX-FUTURE,3103.0,409,3103.0,2558
02:26:18,ESX-FUTURE,3103.0,1790,3103.0,1177
02:26:18,SP-FUTURE,3092.0,1279,3093.0,1571
02:26:20,SP-FUTURE,3092.0,1320,3093.0,1530
02:26:20,ESX-FUTURE,3103.0,1101,3103.0,1866
02:26:21,ESX-FUTURE,3102.0,2636,3103.0,331
02:26:21,SP-FUTURE,3092.0,1309,3092.0,1541
02:26:22,SP-FUTURE,3092.0,2040,3092.0,810
02:26:22,ESX-FUTURE,3103.0,1445,3103.0,1522
02:26:23,SP-FUTURE,3094.0,97,3094.0,2753
02:26:23,SP-FUTURE,3094.0,1852,3094.0,998
02:26:24,SP-FUTURE,3094.0,2823,3094.0,27
02:26:24,ESX-FUTURE,3103.0,1440,3103.0,1527
02:26:24,SP-FUTURE,3094.0,2020,3094.0,830
02:26:25,ESX-FUTURE,3100.0,1280,3100.0,1687
02:26:26,SP-FUTURE,3094.0,1984,3094.0,866
02:26:27,ESX-FUTURE,3098.0,1913,3098.0,1054
02:26:27,ESX-FUTURE,3098.0,434,3098.0,2533
02:26:27,ESX-FUTURE,3098.0,1453,3098.0,1514
02:26:27,SP-FUTURE,3095.0,2749,3095.0,101
02:26:28,ESX-FUTURE,3098.0,1743,3098.0,1224
02:26:28,ESX-FUTURE,3098.0,1802,3098.0,1165
02:26:28,SP-FUTURE,3095.0,102,3095.0,2748
02:26:29,ESX-FUTURE,3098.0,1710,3098.0,1257
02:26:29,SP-FUTURE,3094.0,577,3094.0,2273
02:26:30,ESX-FUTURE,3098.0,1707,3098.0,1260
02:26:31,ESX-FUTURE,3098.0,1695,3098.0,1272
02:26:31,SP-FUTURE,3095.0,814,3095.0,2036
02:26:31,ESX-FUTURE,3098.0,1551,3098.0,1416
02:26:32,SP-FUTURE,3095.0,1487,3095.0,1363
02:26:32,ESX-FUTURE,3099.0,1063,3099.0,1904
02:26:33,ESX-FUTURE,3099.0,2364,3099.0,603
02:26:33,SP-FUTURE,3095.0,2711,3095.0,139
02:26:34,ESX-FUTURE,3099.0,1237,3099.0,1730
02:26:34,SP-FUTURE,3095.0,1114,3095.0,1736
02:26:36,SP-FUTURE,3095.0,793,3095.0,2057
02:26:36,ESX-FUTURE,3098.0,200,3099.0,2767
02:26:37,SP-FUTURE,3095.0,749,3095.0,2101
02:26:37,ESX-FUTURE,3098.0,200,3099.0,2767
02:26:38,ESX-FUTURE,3100.0,185,3100.0,2782
02:26:38,SP-FUTURE,3099.0,2308,3099.0,542
02:26:39,ESX-FUTURE,3099.0,1607,3099.0,1360
02:26:39,SP-FUTURE,3099.0,2315,3099.0,535
02:26:40,SP-FUTURE,3099.0,1468,3099.0,1382
02:26:41,ESX-FUTURE,3099.0,1895,3099.0,1072
02:26:42,SP-FUTURE,3099.0,1098,3099.0,1752
02:26:43,ESX-FUTURE,3101.0,2259,3101.0,708
02:26:43,ESX-FUTURE,3101.0,1365,3102.0,1602
02:26:44,SP-FUTURE,3097.0,56,3098.0,2794
02:26:44,ESX-FUTURE,3101.0,1315,3102.0,1652
02:26:44,SP-FUTURE,3097.0,2826,3097.0,24
02:26:45,ESX-FUTURE,3101.0,1333,3102.0,1634
02:26:46,ESX-FUTURE,3101.0,988,3102.0,1979
02:26:46,SP-FUTURE,3098.0,2188,3099.0,662
02:26:47,SP-FUTURE,3098.0,781,3099.0,2069
02:26:48,ESX-FUTURE,3101.0,2624,3102.0,343
02:26:49,SP-FUTURE,3098.0,732,3099.0,2118
02:26:50,ESX-FUTURE,3101.0,2797,3102.0,170
02:26:50,SP-FUTURE,3098.0,908,3099.0,1942
02:26:50,SP-FUTURE,3098.0,1256,3099.0,1594
02:26:51,ESX-FUTURE,3102.0,1384,3102.0,1583
02:26:51,ESX-FUTURE,3102.0,406,3102.0,2561
02:26:52,SP-FUTURE,3098.0,1526,3099.0,1324
02:26:52,ESX-FUTURE,3102.0,160,3102.0,2807
02:26:53,ESX-FUTURE,3102.0,332,3102.0,2635
02:26:54,SP-FUTURE,3099.0,2690,3099.0,160
02:26:54,ESX-FUTURE,3101.0,2525,3102.0,442
02:26:54,ESX-FUTURE,3101.0,2534,3102.0,433
02:26:55,SP-FUTURE,3099.0,445,3099.0,2405
02:26:56,ESX-FUTURE,3101.0,2873,3102.0,94
02:26:56,SP-FUTURE,3099.0,212,3099.0,2638
02:26:57,ESX-FUTURE,3101.0,2856,3102.0,111
02:26:57,SP-FUTURE,3099.0,334,3099.0,2516
02:26:58,ESX-FUTURE,3103.0,1601,3103.0,1366
02:26:58,SP-FUTURE,3098.0,2481,3098.0,369
02:27:00,ESX-FUTURE,3103.0,1850,3103.0,1117
02:27:00,SP-FUTURE,3098.0,2337,3098.0,513
02:27:01,ESX-FUTURE,3100.0,358,3100.0,2609
02:27:01,SP-FUTURE,3098.0,2577,3098.0,273
02:27:02,ESX-FUTURE,3100.0,751,3100.0,2216
02:27:02,SP-FUTURE,3098.0,2563,3098.0,287
02:27:03,ESX-FUTURE,3100.0,1066,3100.0,1901
02:27:03,SP-FUTURE,3098.0,2431,3098.0,419
02:27:04,ESX-FUTURE,3100.0,656,3100.0,2311
02:27:04,ESX-FUTURE,3100.0,2116,3100.0,851
02:27:05,ESX-FUTURE,3100.0,2574,3100.0,393
02:27:05,SP-FUTURE,3098.0,914,3098.0,1936
02:27:06,SP-FUTURE,3098.0,1094,3098.0,1756
02:27:07,ESX-FUTURE,3102.0,53,3102.0,2914
02:27:07,SP-FUTURE,3098.0,1073,3098.0,1777
02:27:08,ESX-FUTURE,3102.0,2926,3102.0,41
02:27:08,SP-FUTURE,3098.0,1118,3098.0,1732
02:27:09,ESX-FUTURE,3102.0,1923,3102.0,1044
02:27:09,SP-FUTURE,3098.0,2395,3098.0,455
02:27:10,ESX-FUTURE,3101.0,765,3102.0,2202
02:27:11,SP-FUTURE,3098.0,2427,3098.0,423
02:27:12,ESX-FUTURE,3101.0,1572,3102.0,1395
02:27:13,SP-FUTURE,3098.0,1815,3098.0,1035
02:27:13,ESX-FUTURE,3101.0,2099,3101.0,868
02:27:13,ESX-FUTURE,3101.0,1060,3101.0,1907
02:27:14,ESX-FUTURE,3101.0,1181,3101.0,1786
02:27:15,SP-FUTURE,3098.0,445,3098.0,2405
02:27:15,ESX-FUTURE,3101.0,2102,3101.0,865
02:27:15,ESX-FUTURE,3102.0,2900,3102.0,67
02:27:16,ESX-FUTURE,3102.0,2459,3102.0,508
02:27:17,ESX-FUTURE,3104.0,80,3104.0,2887
02:27:17,SP-FUTURE,3098.0,446,3098.0,2404
02:27:18,ESX-FUTURE,3104.0,2686,3104.0,281
02:27:18,SP-FUTURE,3098.0,727,3098.0,2123
02:27:19,SP-FUTURE,3098.0,2743,3098.0,107
02:27:20,ESX-FUTURE,3104.0,2688,3104.0,279
02:27:20,SP-FUTURE,3098.0,21,3098.0,2829
02:27:20,SP-FUTURE,3098.0,65,3098.0,2785
02:27:21,ESX-FUTURE,3104.0,2609,3104.0,358
02:27:21,SP-FUTURE,3098.0,2558,3098.0,292
02:27:22,SP-FUTURE,3098.0,951,3098.0,1899
02:27:23,ESX-FUTURE,3105.0,756,3105.0,2211
02:27:23,SP-FUTURE,3098.0,952,3098.0,1898
02:27:23,ESX-FUTURE,3105.0,36,3105.0,2931
02:27:24,SP-FUTURE,3098.0,933,3098.0,1917
02:27:24,ESX-FUTURE,3105.0,176,3106.0,2791
02:27:25,SP-FUTURE,3098.0,2157,3098.0,693
02:27:26,ESX-FUTURE,3105.0,1289,3105.0,1678
02:27:26,SP-FUTURE,3098.0,157,3098.0,2693
02:27:26,SP-FUTURE,3098.0,343,3098.0,2507
02:27:26,ESX-FUTURE,3105.0,504,3105.0,2463
02:27:27,SP-FUTURE,3098.0,2628,3098.0,222
02:27:28,ESX-FUTURE,3105.0,715,3105.0,2252
02:27:28,SP-FUTURE,3098.0,2313,3098.0,537
02:27:29,ESX-FUTURE,3105.0,371,3106.0,2596
02:27:29,SP-FUTURE,3098.0,2229,3098.0,621
02:27:30,SP-FUTURE,3098.0,1778,3098.0,1072
02:27:30,SP-FUTURE,3098.0,1965,3098.0,885
02:27:31,ESX-FUTURE,3105.0,2257,3105.0,710
02:27:31,SP-FUTURE,3098.0,1145,3098.0,1705
02:27:32,SP-FUTURE,3098.0,2214,3098.0,636
02:27:33,ESX-FUTURE,3105.0,2316,3105.0,651
02:27:33,SP-FUTURE,3098.0,785,3098.0,2065
02:27:34,ESX-FUTURE,3105.0,500,3106.0,2467
02:27:34,SP-FUTURE,3097.0,2802,3098.0,48
02:27:34,SP-FUTURE,3097.0,1841,3098.0,1009
02:27:35,ESX-FUTURE,3105.0,2605,3106.0,362
02:27:35,SP-FUTURE,3097.0,112,3098.0,2738
02:27:35,ESX-FUTURE,3105.0,2654,3106.0,313
02:27:36,SP-FUTURE,3097.0,245,3098.0,2605
02:27:37,ESX-FUTURE,3105.0,2720,3106.0,247
02:27:38,ESX-FUTURE,3105.0,2778,3106.0,189
02:27:38,SP-FUTURE,3097.0,420,3098.0,2430
02:27:39,SP-FUTURE,3097.0,271,3098.0,2579
02:27:39,ESX-FUTURE,3105.0,2661,3106.0,306
02:27:40,ESX-FUTURE,3105.0,2463,3106.0,504
02:27:41,SP-FUTURE,3097.0,309,3098.0,2541
02:27:42,ESX-FUTURE,3105.0,2324,3106.0,643
02:27:42,SP-FUTURE,3096.0,667,3097.0,2183
02:27:42,ESX-FUTURE,3105.0,1965,3106.0,1002
02:27:43,SP-FUTURE,3095.0,463,3095.0,2387
02:27:44,ESX-FUTURE,3105.0,1851,3106.0,1116
02:27:44,SP-FUTURE,3095.0,452,3095.0,2398
02:27:45,ESX-FUTURE,3106.0,1880,3106.0,1087
02:27:45,SP-FUTURE,3095.0,35,3095.0,2815
02:27:47,SP-FUTURE,3094.0,1479,3095.0,1371
02:27:47,ESX-FUTURE,3105.0,1485,3106.0,1482
02:27:48,ESX-FUTURE,3106.0,1788,3106.0,1179
02:27:48,ESX-FUTURE,3106.0,2162,3106.0,805
02:27:49,SP-FUTURE,3094.0,777,3094.0,2073
02:27:49,ESX-FUTURE,3106.0,1491,3106.0,1476
02:27:50,SP-FUTURE,3094.0,966,3094.0,1884
02:27:50,ESX-FUTURE,3106.0,1506,3107.0,1461
02:27:51,SP-FUTURE,3095.0,1494,3095.0,1356
02:27:51,ESX-FUTURE,3107.0,1640,3107.0,1327
02:27:51,SP-FUTURE,3095.0,1456,3095.0,1394
02:27:52,ESX-FUTURE,3107.0,2528,3107.0,439
02:27:52,SP-FUTURE,3095.0,1295,3096.0,1555
02:27:52,ESX-FUTURE,3107.0,181,3107.0,2786
02:27:53,SP-FUTURE,3095.0,1174,3096.0,1676
02:27:53,ESX-FUTURE,3107.0,607,3107.0,2360
02:27:54,ESX-FUTURE,3107.0,1920,3107.0,1047
02:27:55,SP-FUTURE,3096.0,586,3096.0,2264
02:27:55,SP-FUTURE,3096.0,687,3096.0,2163
02:27:56,ESX-FUTURE,3109.0,2827,3109.0,140
02:27:56,SP-FUTURE,3096.0,992,3096.0,1858
02:27:57,ESX-FUTURE,3109.0,2863,3109.0,104
02:27:58,ESX-FUTURE,3109.0,2296,3109.0,671
02:27:58,SP-FUTURE,3096.0,743,3096.0,2107
02:27:58,ESX-FUTURE,3110.0,471,3110.0,2496
02:27:59,SP-FUTURE,3095.0,2469,3096.0,381
02:28:00,ESX-FUTURE,3110.0,2909,3110.0,58
02:28:00,SP-FUTURE,3095.0,2267,3096.0,583
02:28:01,SP-FUTURE,3095.0,1320,3095.0,1530
02:28:01,ESX-FUTURE,3110.0,1761,3110.0,1206
02:28:01,ESX-FUTURE,3110.0,2057,3110.0,910
02:28:02,SP-FUTURE,3095.0,1375,3095.0,1475
02:28:03,SP-FUTURE,3095.0,2453,3095.0,397
02:28:03,ESX-FUTURE,3110.0,2529,3110.0,438
02:28:03,ESX-FUTURE,3110.0,106,3110.0,2861
02:28:04,SP-FUTURE,3095.0,2771,3095.0,79
02:28:05,ESX-FUTURE,3110.0,29,3110.0,2938
02:28:05,SP-FUTURE,3095.0,2,3096.0,2848
02:28:06,ESX-FUTURE,3110.0,29,3110.0,2938
02:28:06,ESX-FUTURE,3110.0,29,3110.0,2938
02:28:06,SP-FUTURE,3095.0,2846,3095.0,4
02:28:07,ESX-FUTURE,3110.0,30,3110.0,2937
02:28:08,SP-FUTURE,3095.0,2806,3095.0,44
02:28:08,ESX-FUTURE,3110.0,2896,3110.0,71
02:28:09,SP-FUTURE,3095.0,643,3095.0,2207
02:28:10,ESX-FUTURE,3110.0,2457,3110.0,510
02:28:10,ESX-FUTURE,3110.0,2941,3110.0,26
02:28:11,SP-FUTURE,3095.0,143,3095.0,2707
02:28:11,ESX-FUTURE,3110.0,2822,3110.0,145
02:28:12,SP-FUTURE,3095.0,187,3095.0,2663
02:28:12,ESX-FUTURE,3110.0,2818,3110.0,149
02:28:12,ESX-FUTURE,3110.0,2533,3110.0,434
02:28:12,SP-FUTURE,3095.0,1877,3095.0,973
02:28:13,SP-FUTURE,3094.0,2832,3094.0,18
02:28:14,ESX-FUTURE,3110.0,1162,3110.0,1805
02:28:14,ESX-FUTURE,3110.0,465,3110.0,2502
02:28:14,SP-FUTURE,3094.0,2711,3094.0,139
02:28:15,ESX-FUTURE,3110.0,480,3110.0,2487
02:28:16,SP-FUTURE,3094.0,1626,3094.0,1224
02:28:16,SP-FUTURE,3094.0,1779,3095.0,1071
02:28:16,ESX-FUTURE,3110.0,342,3111.0,2625
02:28:17,ESX-FUTURE,3110.0,1536,3111.0,1431
02:28:17,ESX-FUTURE,3110.0,2393,3111.0,574
02:28:18,SP-FUTURE,3094.0,1784,3095.0,1066
02:28:18,ESX-FUTURE,3111.0,1449,3111.0,1518
02:28:19,SP-FUTURE,3094.0,2063,3095.0,787
02:28:19,ESX-FUTURE,3110.0,2481,3111.0,486
02:28:20,SP-FUTURE,3094.0,2644,3095.0,206
02:28:21,ESX-FUTURE,3110.0,2522,3111.0,445
02:28:21,SP-FUTURE,3095.0,945,3095.0,1905
02:28:22,SP-FUTURE,3095.0,1277,3095.0,1573
02:28:22,ESX-FUTURE,3110.0,1616,3111.0,1351
02:28:23,ESX-FUTURE,3110.0,1260,3110.0,1707
02:28:23,SP-FUTURE,3095.0,1007,3095.0,1843
02:28:24,SP-FUTURE,3093.0,1696,3094.0,1154
02:28:24,ESX-FUTURE,3110.0,1349,3110.0,1618
02:28:25,SP-FUTURE,3093.0,1031,3094.0,1819
02:28:25,ESX-FUTURE,3110.0,1046,3110.0,1921
02:28:26,SP-FUTURE,3093.0,1210,3094.0,1640
02:28:26,ESX-FUTURE,3110.0,1410,3110.0,1557
02:28:27,ESX-FUTURE,3110.0,616,3111.0,2351
02:28:27,SP-FUTURE,3093.0,515,3094.0,2335
02:28:28,SP-FUTURE,3093.0,2535,3093.0,315
02:28:29,SP-FUTURE,3094.0,2167,3094.0,683
02:28:29,ESX-FUTURE,3110.0,156,3111.0,2811
02:28:30,ESX-FUTURE,3110.0,803,3110.0,2164
02:28:30,SP-FUTURE,3095.0,389,3095.0,2461
02:28:31,ESX-FUTURE,3110.0,2140,3111.0,827
02:28:31,ESX-FUTURE,3110.0,1363,3111.0,1604
02:28:31,SP-FUTURE,3095.0,613,3095.0,2237
02:28:32,SP-FUTURE,3095.0,2821,3095.0,29
02:28:33,ESX-FUTURE,3110.0,1364,3111.0,1603
02:28:33,SP-FUTURE,3095.0,50,3095.0,2800
02:28:34,ESX-FUTURE,3110.0,1364,3111.0,1603
02:28:34,SP-FUTURE,3095.0,1742,3096.0,1108
02:28:35,ESX-FUTURE,3110.0,1783,3111.0,1184
02:28:35,SP-FUTURE,3095.0,2179,3095.0,671
02:28:36,SP-FUTURE,3094.0,876,3095.0,1974
02:28:36,ESX-FUTURE,3111.0,1903,3111.0,1064
02:28:37,ESX-FUTURE,3111.0,1890,3111.0,1077
02:28:37,SP-FUTURE,3094.0,1316,3094.0,1534
02:28:38,SP-FUTURE,3094.0,1616,3094.0,1234
02:28:38,ESX-FUTURE,3112.0,401,3112.0,2566
02:28:39,SP-FUTURE,3094.0,813,3094.0,2037
02:28:39,ESX-FUTURE,3112.0,2484,3112.0,483
02:28:40,ESX-FUTURE,3112.0,20,3112.0,2947
02:28:40,SP-FUTURE,3094.0,805,3094.0,2045
02:28:41,ESX-FUTURE,3112.0,1996,3112.0,971
02:28:41,ESX-FUTURE,3112.0,2798,3112.0,169
02:28:42,ESX-FUTURE,3112.0,2862,3112.0,105
02:28:42,SP-FUTURE,3094.0,881,3094.0,1969
02:28:43,SP-FUTURE,3094.0,2218,3094.0,632
02:28:43,ESX-FUTURE,3112.0,99,3112.0,2868
02:28:45,SP-FUTURE,3094.0,737,3094.0,2113
02:28:45,ESX-FUTURE,3112.0,1710,3112.0,1257
02:28:45,ESX-FUTURE,3113.0,2909,3113.0,58
02:28:46,SP-FUTURE,3094.0,742,3094.0,2108
02:28:47,ESX-FUTURE,3113.0,2549,3113.0,418
02:28:47,SP-FUTURE,3094.0,399,3094.0,2451
02:28:48,ESX-FUTURE,3113.0,2904,3113.0,63
02:28:49,SP-FUTURE,3094.0,410,3094.0,2440
02:28:50,ESX-FUTURE,3113.0,2746,3113.0,221
02:28:50,SP-FUTURE,3094.0,122,3094.0,2728
02:28:51,ESX-FUTURE,3113.0,2352,3113.0,615
02:28:51,SP-FUTURE,3093.0,2758,3094.0,92
02:28:52,ESX-FUTURE,3113.0,2363,3113.0,604
02:28:52,SP-FUTURE,3094.0,1554,3094.0,1296
02:28:52,SP-FUTURE,3094.0,1291,3094.0,1559
02:28:53,ESX-FUTURE,3113.0,1063,3113.0,1904
02:28:54,SP-FUTURE,3094.0,1204,3094.0,1646
02:28:55,SP-FUTURE,3094.0,1949,3094.0,901
02:28:55,ESX-FUTURE,3113.0,2771,3113.0,196
02:28:55,SP-FUTURE,3094.0,2309,3094.0,541
02:28:56,SP-FUTURE,3094.0,2257,3094.0,593
02:28:56,ESX-FUTURE,3113.0,1079,3113.0,1888
02:28:57,SP-FUTURE,3094.0,994,3094.0,1856
02:28:57,ESX-FUTURE,3112.0,1967,3113.0,1000
02:28:58,SP-FUTURE,3093.0,366,3093.0,2484
02:28:59,ESX-FUTURE,3112.0,771,3113.0,2196
02:29:00,SP-FUTURE,3093.0,787,3093.0,2063
02:29:00,SP-FUTURE,3093.0,1404,3093.0,1446
02:29:00,ESX-FUTURE,3111.0,1285,3111.0,1682
02:29:00,SP-FUTURE,3093.0,214,3093.0,2636
02:29:01,ESX-FUTURE,3111.0,1130,3111.0,1837
02:29:02,SP-FUTURE,3095.0,2764,3095.0,86
02:29:03,ESX-FUTURE,3111.0,1003,3111.0,1964
02:29:03,SP-FUTURE,3095.0,1639,3095.0,1211
02:29:03,SP-FUTURE,3095.0,2177,3095.0,673
02:29:03,ESX-FUTURE,3111.0,1652,3111.0,1315
02:29:04,SP-FUTURE,3094.0,1960,3094.0,890
02:29:04,ESX-FUTURE,3111.0,863,3111.0,2104
02:29:05,SP-FUTURE,3094.0,2056,3094.0,794
02:29:05,ESX-FUTURE,3110.0,2452,3110.0,515
02:29:05,SP-FUTURE,3094.0,2221,3094.0,629
02:29:07,ESX-FUTURE,3111.0,9,3111.0,2958
02:29:07,SP-FUTURE,3094.0,2219,3094.0,631
02:29:08,ESX-FUTURE,3110.0,1484,3111.0,1483
02:29:08,SP-FUTURE,3094.0,1563,3095.0,1287
02:29:08,ESX-FUTURE,3110.0,1853,3111.0,1114
02:29:09,SP-FUTURE,3094.0,962,3094.0,1888
02:29:09,ESX-FUTURE,3110.0,2883,3110.0,84
02:29:10,SP-FUTURE,3094.0,1017,3094.0,1833
02:29:10,ESX-FUTURE,3111.0,834,3111.0,2133
02:29:10,ESX-FUTURE,3111.0,2740,3112.0,227
02:29:11,ESX-FUTURE,3111.0,2866,3112.0,101
02:29:11,SP-FUTURE,3093.0,1408,3093.0,1442
02:29:11,ESX-FUTURE,3111.0,153,3112.0,2814
02:29:12,ESX-FUTURE,3112.0,1720,3112.0,1247
02:29:12,ESX-FUTURE,3111.0,2429,3112.0,538
02:29:12,SP-FUTURE,3093.0,662,3094.0,2188
02:29:13,ESX-FUTURE,3111.0,1471,3112.0,1496
02:29:13,SP-FUTURE,3093.0,2007,3093.0,843
02:29:14,SP-FUTURE,3093.0,891,3093.0,1959
02:29:14,ESX-FUTURE,3111.0,5,3112.0,2962
02:29:14,SP-FUTURE,3093.0,1011,3093.0,1839
02:29:15,SP-FUTURE,3093.0,1011,3093.0,1839
02:29:16,ESX-FUTURE,3111.0,2480,3111.0,487
02:29:17,ESX-FUTURE,3111.0,377,3111.0,2590
02:29:17,SP-FUTURE,3093.0,461,3093.0,2389
02:29:18,ESX-FUTURE,3111.0,98,3111.0,2869
02:29:19,SP-FUTURE,3093.0,437,3093.0,2413
02:29:20,ESX-FUTURE,3111.0,788,3111.0,2179
02:29:20,ESX-FUTURE,3111.0,1039,3111.0,1928
02:29:20,SP-FUTURE,3093.0,2425,3093.0,425
02:29:21,SP-FUTURE,3092.0,1189,3093.0,1661
02:29:22,ESX-FUTURE,3111.0,245,3111.0,2722
02:29:22,SP-FUTURE,3092.0,622,3093.0,2228
02:29:24,ESX-FUTURE,3111.0,963,3112.0,2004
02:29:24,SP-FUTURE,3092.0,2780,3092.0,70
02:29:24,ESX-FUTURE,3111.0,1034,3112.0,1933
02:29:25,SP-FUTURE,3092.0,666,3093.0,2184
02:29:26,ESX-FUTURE,3111.0,1209,3112.0,1758
02:29:26,SP-FUTURE,3092.0,74,3092.0,2776
02:29:26,ESX-FUTURE,3111.0,1004,3112.0,1963
02:29:27,SP-FUTURE,3092.0,2138,3092.0,712
02:29:28,ESX-FUTURE,3111.0,5,3112.0,2962
02:29:29,SP-FUTURE,3092.0,2138,3092.0,712
02:29:30,ESX-FUTURE,3111.0,2763,3112.0,204
02:29:30,SP-FUTURE,3091.0,9,3091.0,2841
02:29:31,SP-FUTURE,3091.0,54,3091.0,2796
02:29:32,ESX-FUTURE,3111.0,2760,3112.0,207
02:29:33,SP-FUTURE,3091.0,1028,3091.0,1822
02:29:33,ESX-FUTURE,3112.0,513,3112.0,2454
02:29:33,SP-FUTURE,3091.0,46,3091.0,2804
02:29:34,SP-FUTURE,3091.0,1777,3091.0,1073
02:29:34,ESX-FUTURE,3111.0,1880,3112.0,1087
02:29:35,SP-FUTURE,3091.0,715,3091.0,2135
02:29:35,ESX-FUTURE,3111.0,2703,3111.0,264
02:29:35,SP-FUTURE,3091.0,276,3091.0,2574
02:29:36,ESX-FUTURE,3111.0,2868,3111.0,99
02:29:36,SP-FUTURE,3091.0,405,3091.0,2445
02:29:37,ESX-FUTURE,3111.0,2668,3111.0,299
02:29:37,SP-FUTURE,3091.0,688,3091.0,2162
02:29:38,SP-FUTURE,3091.0,711,3091.0,2139
02:29:38,SP-FUTURE,3090.0,1860,3091.0,990
02:29:38,ESX-FUTURE,3111.0,2771,3111.0,196
02:29:38,ESX-FUTURE,3109.0,147,3109.0,2820
02:29:38,SP-FUTURE,3090.0,1867,3091.0,983
02:29:40,ESX-FUTURE,3109.0,2444,3109.0,523
02:29:40,SP-FUTURE,3090.0,2031,3091.0,819
02:29:41,SP-FUTURE,3090.0,359,3090.0,2491
02:29:41,ESX-FUTURE,3109.0,166,3109.0,2801
02:29:42,SP-FUTURE,3090.0,391,3090.0,2459
02:29:42,ESX-FUTURE,3109.0,1185,3109.0,1782
02:29:42,ESX-FUTURE,3109.0,1312,3109.0,1655
02:29:43,SP-FUTURE,3090.0,1474,3090.0,1376
02:29:43,ESX-FUTURE,3109.0,1612,3109.0,1355
02:29:44,SP-FUTURE,3090.0,1150,3090.0,1700
02:29:45,ESX-FUTURE,3109.0,762,3109.0,2205
02:29:45,SP-FUTURE,3090.0,1241,3090.0,1609
02:29:45,ESX-FUTURE,3109.0,631,3109.0,2336
02:29:46,SP-FUTURE,3089.0,2140,3090.0,710
02:29:46,SP-FUTURE,3089.0,1889,3090.0,961
02:29:46,ESX-FUTURE,3108.0,2811,3108.0,156
02:29:46,SP-FUTURE,3089.0,1352,3090.0,1498
02:29:46,ESX-FUTURE,3108.0,1897,3108.0,1070
02:29:47,ESX-FUTURE,3108.0,225,3109.0,2742
02:29:47,ESX-FUTURE,3108.0,154,3109.0,2813
02:29:47,SP-FUTURE,3089.0,1352,3090.0,1498
02:29:47,SP-FUTURE,3089.0,1297,3090.0,1553
02:29:48,ESX-FUTURE,3108.0,463,3109.0,2504
02:29:49,ESX-FUTURE,3108.0,702,3109.0,2265
02:29:49,SP-FUTURE,3090.0,753,3090.0,2097
02:29:50,SP-FUTURE,3090.0,510,3090.0,2340
02:29:50,ESX-FUTURE,3108.0,456,3109.0,2511
02:29:51,SP-FUTURE,3090.0,1542,3090.0,1308
02:29:51,ESX-FUTURE,3108.0,348,3108.0,2619
02:29:51,SP-FUTURE,3090.0,2201,3090.0,649
02:29:52,ESX-FUTURE,3108.0,216,3108.0,2751
02:29:53,SP-FUTURE,3090.0,2183,3090.0,667
02:29:53,ESX-FUTURE,3108.0,872,3108.0,2095
02:29:54,ESX-FUTURE,3108.0,461,3109.0,2506
02:29:54,SP-FUTURE,3091.0,360,3091.0,2490
02:29:55,SP-FUTURE,3091.0,361,3091.0,2489
02:29:55,ESX-FUTURE,3108.0,539,3109.0,2428
02:29:56,SP-FUTURE,3091.0,2005,3091.0,845
02:29:56,ESX-FUTURE,3108.0,251,3108.0,2716
02:29:56,SP-FUTURE,3091.0,1490,3091.0,1360
02:29:57,SP-FUTURE,3091.0,2097,3091.0,753
02:29:58,ESX-FUTURE,3108.0,1932,3108.0,1035
02:29:58,SP-FUTURE,3091.0,422,3091.0,2428
02:29:59,ESX-FUTURE,3108.0,2840,3108.0,127
02:29:59,SP-FUTURE,3091.0,509,3091.0,2341
02:30:00,SP-FUTURE,3091.0,400,3091.0,2450
02:30:00,ESX-FUTURE,3108.0,1412,3108.0,1555
02:30:01,SP-FUTURE,3090.0,452,3090.0,2398
02:30:02,ESX-FUTURE,3108.0,397,3108.0,2570
02:30:02,ESX-FUTURE,3108.0,2606,3108.0,361
02:30:02,SP-FUTURE,3090.0,245,3090.0,2605
02:30:03,ESX-FUTURE,3108.0,2608,3108.0,359
02:30:03,ESX-FUTURE,3108.0,2447,3108.0,520
02:30:04,SP-FUTURE,3090.0,1821,3090.0,1029
02:30:04,ESX-FUTURE,3108.0,2479,3108.0,488
02:30:05,SP-FUTURE,3090.0,2415,3090.0,435
02:30:05,ESX-FUTURE,3108.0,1026,3108.0,1941
02:30:05,ESX-FUTURE,3107.0,2298,3108.0,669
02:30:05,ESX-FUTURE,3107.0,2644,3107.0,323
02:30:07,ESX-FUTURE,3107.0,2689,3107.0,278
02:30:07,SP-FUTURE,3086.0,135,3087.0,2715
02:30:07,ESX-FUTURE,3107.0,2635,3107.0,332
02:30:07,SP-FUTURE,3086.0,909,3087.0,1941
02:30:08,ESX-FUTURE,3107.0,2308,3107.0,659
02:30:08,SP-FUTURE,3086.0,48,3087.0,2802
02:30:09,ESX-FUTURE,3107.0,2293,3107.0,674
02:30:09,ESX-FUTURE,3107.0,2825,3107.0,142
02:30:10,SP-FUTURE,3086.0,480,3086.0,2370
02:30:10,ESX-FUTURE,3107.0,2505,3108.0,462
02:30:10,SP-FUTURE,3086.0,818,3086.0,2032
02:30:11,ESX-FUTURE,3107.0,867,3108.0,2100
02:30:11,ESX-FUTURE,3107.0,2594,3107.0,373
02:30:11,SP-FUTURE,3086.0,782,3086.0,2068
02:30:12,ESX-FUTURE,3110.0,1416,3110.0,1551
02:30:12,SP-FUTURE,3086.0,1558,3086.0,1292
02:30:13,SP-FUTURE,3086.0,1106,3087.0,1744
02:30:13,ESX-FUTURE,3110.0,1447,3110.0,1520
02:30:15,SP-FUTURE,3087.0,2269,3087.0,581
02:30:15,ESX-FUTURE,3107.0,1555,3107.0,1412
02:30:15,SP-FUTURE,3087.0,2085,3087.0,765
02:30:16,ESX-FUTURE,3107.0,2353,3107.0,614
02:30:17,SP-FUTURE,3087.0,616,3087.0,2234
02:30:17,ESX-FUTURE,3107.0,2102,3107.0,865
02:30:18,SP-FUTURE,3087.0,443,3087.0,2407
02:30:18,SP-FUTURE,3087.0,2416,3087.0,434
02:30:18,ESX-FUTURE,3107.0,594,3107.0,2373
02:30:19,SP-FUTURE,3088.0,1150,3088.0,1700
02:30:19,SP-FUTURE,3088.0,839,3088.0,2011
02:30:19,ESX-FUTURE,3107.0,2237,3107.0,730
02:30:20,SP-FUTURE,3088.0,1696,3088.0,1154
02:30:20,ESX-FUTURE,3105.0,53,3105.0,2914
02:30:20,ESX-FUTURE,3104.0,2769,3104.0,198
02:30:22,SP-FUTURE,3088.0,1106,3088.0,1744
02:30:22,ESX-FUTURE,3104.0,579,3104.0,2388
02:30:22,ESX-FUTURE,3104.0,1026,3104.0,1941
02:30:22,ESX-FUTURE,3104.0,1270,3104.0,1697
02:30:22,SP-FUTURE,3088.0,2750,3088.0,100
02:30:23,ESX-FUTURE,3104.0,1271,3104.0,1696
02:30:24,SP-FUTURE,3088.0,495,3088.0,2355
02:30:24,ESX-FUTURE,3104.0,1964,3104.0,1003
02:30:24,ESX-FUTURE,3104.0,2421,3104.0,546
02:30:25,SP-FUTURE,3088.0,1630,3088.0,1220
02:30:26,ESX-FUTURE,3104.0,353,3104.0,2614
02:30:26,SP-FUTURE,3088.0,1513,3088.0,1337
02:30:27,SP-FUTURE,3088.0,1286,3088.0,1564
02:30:27,ESX-FUTURE,3104.0,2943,3104.0,24
02:30:27,SP-FUTURE,3088.0,1272,3088.0,1578
02:30:28,ESX-FUTURE,3104.0,2905,3104.0,62
02:30:29,ESX-FUTURE,3104.0,2199,3105.0,768
02:30:29,SP-FUTURE,3088.0,557,3088.0,2293
02:30:29,ESX-FUTURE,3107.0,2655,3108.0,312
02:30:30,ESX-FUTURE,3107.0,2764,3108.0,203
02:30:30,SP-FUTURE,3087.0,2488,3087.0,362
02:30:31,SP-FUTURE,3087.0,2465,3087.0,385
02:30:31,ESX-FUTURE,3107.0,1543,3108.0,1424
02:30:32,ESX-FUTURE,3106.0,2057,3106.0,910
02:30:33,SP-FUTURE,3087.0,2506,3087.0,344
02:30:33,ESX-FUTURE,3106.0,1408,3106.0,1559
02:30:34,SP-FUTURE,3086.0,2235,3086.0,615
02:30:34,ESX-FUTURE,3105.0,2618,3105.0,349
02:30:34,SP-FUTURE,3086.0,2452,3086.0,398
02:30:35,ESX-FUTURE,3105.0,1716,3106.0,1251
02:30:36,SP-FUTURE,3086.0,1281,3087.0,1569
02:30:37,SP-FUTURE,3086.0,1621,3087.0,1229
02:30:37,ESX-FUTURE,3105.0,668,3105.0,2299
02:30:38,SP-FUTURE,3086.0,2489,3087.0,361
02:30:39,ESX-FUTURE,3104.0,2654,3105.0,313
02:30:39,ESX-FUTURE,3104.0,2707,3105.0,260
02:30:40,SP-FUTURE,3086.0,2583,3087.0,267
02:30:40,ESX-FUTURE,3104.0,2949,3105.0,18
02:30:42,SP-FUTURE,3086.0,2538,3087.0,312
02:30:42,ESX-FUTURE,3105.0,44,3105.0,2923
02:30:43,SP-FUTURE,3087.0,189,3087.0,2661
02:30:43,ESX-FUTURE,3105.0,363,3105.0,2604
02:30:43,SP-FUTURE,3087.0,505,3087.0,2345
02:30:44,ESX-FUTURE,3105.0,1210,3105.0,1757
02:30:44,SP-FUTURE,3087.0,498,3087.0,2352
02:30:44,ESX-FUTURE,3105.0,857,3105.0,2110
02:30:45,SP-FUTURE,3086.0,2719,3087.0,131
02:30:46,SP-FUTURE,3086.0,1696,3086.0,1154
02:30:46,ESX-FUTURE,3105.0,2306,3106.0,661
02:30:47,SP-FUTURE,3086.0,1145,3087.0,1705
02:30:47,ESX-FUTURE,3105.0,2905,3105.0,62
02:30:48,ESX-FUTURE,3105.0,313,3106.0,2654
02:30:48,SP-FUTURE,3090.0,2621,3090.0,229
02:30:49,ESX-FUTURE,3105.0,829,3106.0,2138
02:30:49,SP-FUTURE,3090.0,2158,3090.0,692
02:30:50,SP-FUTURE,3090.0,2198,3090.0,652
02:30:50,ESX-FUTURE,3105.0,1560,3106.0,1407
02:30:51,SP-FUTURE,3090.0,107,3090.0,2743
02:30:51,ESX-FUTURE,3105.0,2829,3106.0,138
02:30:51,ESX-FUTURE,3106.0,206,3106.0,2761
02:30:51,ESX-FUTURE,3106.0,948,3106.0,2019
02:30:52,ESX-FUTURE,3106.0,958,3106.0,2009
02:30:52,SP-FUTURE,3089.0,1502,3090.0,1348
02:30:53,SP-FUTURE,3089.0,32,3090.0,2818
02:30:53,ESX-FUTURE,3106.0,938,3106.0,2029
02:30:54,SP-FUTURE,3089.0,148,3090.0,2702
02:30:54,ESX-FUTURE,3106.0,1021,3106.0,1946
02:30:54,SP-FUTURE,3088.0,1658,3089.0,1192
02:30:55,SP-FUTURE,3088.0,1413,3088.0,1437
02:30:56,ESX-FUTURE,3106.0,192,3106.0,2775
02:30:56,SP-FUTURE,3089.0,1713,3089.0,1137
02:30:57,SP-FUTURE,3089.0,113,3090.0,2737
02:30:57,ESX-FUTURE,3106.0,368,3106.0,2599
02:30:59,SP-FUTURE,3089.0,84,3090.0,2766
02:30:59,ESX-FUTURE,3106.0,558,3106.0,2409
02:30:59,SP-FUTURE,3089.0,37,3090.0,2813
02:31:00,ESX-FUTURE,3106.0,534,3106.0,2433
02:31:00,ESX-FUTURE,3106.0,696,3106.0,2271
02:31:00,ESX-FUTURE,3106.0,1417,3106.0,1550
02:31:00,ESX-FUTURE,3106.0,1388,3106.0,1579
02:31:00,SP-FUTURE,3089.0,139,3089.0,2711
02:31:01,SP-FUTURE,3089.0,913,3089.0,1937
02:31:01,SP-FUTURE,3090.0,1221,3090.0,1629
02:31:02,ESX-FUTURE,3106.0,1715,3106.0,1252
02:31:02,SP-FUTURE,3090.0,585,3090.0,2265
02:31:02,ESX-FUTURE,3106.0,301,3107.0,2666
02:31:03,ESX-FUTURE,3106.0,986,3107.0,1981
02:31:03,SP-FUTURE,3090.0,398,3090.0,2452
02:31:04,ESX-FUTURE,3106.0,805,3107.0,2162
02:31:04,ESX-FUTURE,3107.0,1786,3107.0,1181
02:31:05,ESX-FUTURE,3107.0,2283,3107.0,684
02:31:05,SP-FUTURE,3090.0,2384,3090.0,466
02:31:06,SP-FUTURE,3090.0,1166,3090.0,1684
02:31:07,ESX-FUTURE,3107.0,1347,3107.0,1620
02:31:08,SP-FUTURE,3090.0,1456,3091.0,1394
02:31:08,ESX-FUTURE,3106.0,703,3107.0,2264
02:31:08,SP-FUTURE,3090.0,2097,3091.0,753
02:31:09,SP-FUTURE,3090.0,1681,3091.0,1169
02:31:09,ESX-FUTURE,3107.0,2924,3107.0,43
02:31:10,SP-FUTURE,3090.0,1742,3091.0,1108
02:31:11,SP-FUTURE,3090.0,1747,3091.0,1103
02:31:11,ESX-FUTURE,3106.0,1774,3106.0,1193
02:31:12,ESX-FUTURE,3107.0,330,3107.0,2637
02:31:12,SP-FUTURE,3090.0,1446,3091.0,1404
02:31:12,SP-FUTURE,3090.0,1404,3091.0,1446
02:31:13,ESX-FUTURE,3106.0,826,3106.0,2141
02:31:13,SP-FUTURE,3090.0,1377,3091.0,1473
02:31:13,ESX-FUTURE,3107.0,1603,3108.0,1364
02:31:14,SP-FUTURE,3090.0,2107,3090.0,743
02:31:15,SP-FUTURE,3089.0,2535,3089.0,315
02:31:15,ESX-FUTURE,3107.0,1739,3108.0,1228
02:31:15,SP-FUTURE,3089.0,196,3089.0,2654
02:31:15,ESX-FUTURE,3107.0,1850,3108.0,1117
02:31:16,SP-FUTURE,3088.0,767,3088.0,2083
02:31:16,ESX-FUTURE,3107.0,1955,3107.0,1012
02:31:17,SP-FUTURE,3088.0,2503,3088.0,347
02:31:18,SP-FUTURE,3088.0,2333,3088.0,517
02:31:18,ESX-FUTURE,3107.0,2468,3107.0,499
02:31:19,ESX-FUTURE,3107.0,1215,3107.0,1752
02:31:19,SP-FUTURE,3088.0,1539,3088.0,1311
02:31:20,ESX-FUTURE,3108.0,1896,3108.0,1071
02:31:20,ESX-FUTURE,3108.0,159,3108.0,2808
02:31:21,SP-FUTURE,3088.0,1161,3088.0,1689
02:31:21,ESX-FUTURE,3108.0,730,3109.0,2237
02:31:22,SP-FUTURE,3088.0,2546,3088.0,304
02:31:23,SP-FUTURE,3089.0,1988,3089.0,862
02:31:23,ESX-FUTURE,3109.0,586,3109.0,2381
02:31:24,SP-FUTURE,3089.0,1826,3089.0,1024
02:31:24,SP-FUTURE,3089.0,2170,3089.0,680
02:31:24,ESX-FUTURE,3109.0,1038,3109.0,1929
02:31:25,SP-FUTURE,3089.0,2424,3090.0,426
02:31:25,ESX-FUTURE,3108.0,2730,3109.0,237
02:31:26,ESX-FUTURE,3109.0,143,3109.0,2824
02:31:26,SP-FUTURE,3089.0,2430,3090.0,420
02:31:27,SP-FUTURE,3090.0,1855,3090.0,995
02:31:27,ESX-FUTURE,3108.0,1650,3108.0,1317
02:31:28,SP-FUTURE,3090.0,1556,3090.0,1294
02:31:29,ESX-FUTURE,3109.0,966,3109.0,2001
02:31:29,SP-FUTURE,3090.0,1549,3090.0,1301
02:31:30,SP-FUTURE,3090.0,526,3090.0,2324
02:31:30,ESX-FUTURE,3109.0,380,3109.0,2587
02:31:30,ESX-FUTURE,3108.0,2561,3108.0,406
02:31:31,ESX-FUTURE,3108.0,2592,3108.0,375
02:31:31,ESX-FUTURE,3108.0,2580,3108.0,387
02:31:32,SP-FUTURE,3090.0,946,3090.0,1904
02:31:32,SP-FUTURE,3090.0,2360,3090.0,490
02:31:32,ESX-FUTURE,3108.0,893,3108.0,2074
02:31:33,SP-FUTURE,3091.0,1755,3091.0,1095
02:31:33,SP-FUTURE,3091.0,407,3091.0,2443
02:31:33,ESX-FUTURE,3108.0,583,3108.0,2384
02:31:34,ESX-FUTURE,3108.0,2035,3108.0,932
02:31:34,ESX-FUTURE,3108.0,950,3108.0,2017
02:31:34,SP-FUTURE,3091.0,1626,3092.0,1224
02:31:36,ESX-FUTURE,3109.0,24,3109.0,2943
02:31:36,SP-FUTURE,3091.0,1757,3092.0,1093
02:31:37,ESX-FUTURE,3109.0,133,3109.0,2834
02:31:37,ESX-FUTURE,3109.0,369,3109.0,2598
02:31:37,SP-FUTURE,3091.0,1644,3092.0,1206
02:31:38,SP-FUTURE,3091.0,2653,3092.0,197
02:31:38,ESX-FUTURE,3109.0,473,3109.0,2494
02:31:39,SP-FUTURE,3092.0,711,3092.0,2139
02:31:40,ESX-FUTURE,3109.0,1561,3109.0,1406
02:31:40,SP-FUTURE,3091.0,2850,3092.0,2
02:31:40,ESX-FUTURE,3109.0,1500,3109.0,1467
02:31:41,ESX-FUTURE,3109.0,1432,3109.0,1535
02:31:42,SP-FUTURE,3092.0,1807,3092.0,1045
02:31:42,SP-FUTURE,3092.0,25,3092.0,2827
02:31:43,ESX-FUTURE,3109.0,1548,3109.0,1419
02:31:43,SP-FUTURE,3091.0,2713,3092.0,139
02:31:44,ESX-FUTURE,3109.0,1863,3109.0,1104
02:31:44,SP-FUTURE,3092.0,59,3092.0,2793
02:31:45,SP-FUTURE,3091.0,685,3092.0,2167
02:31:45,ESX-FUTURE,3108.0,2796,3109.0,171
02:31:46,SP-FUTURE,3091.0,2422,3091.0,430
02:31:46,ESX-FUTURE,3108.0,2674,3109.0,293
02:31:47,ESX-FUTURE,3107.0,1338,3108.0,1629
02:31:48,SP-FUTURE,3093.0,2411,3093.0,441
02:31:48,ESX-FUTURE,3108.0,1407,3108.0,1560
02:31:49,SP-FUTURE,3093.0,959,3093.0,1893
02:31:49,ESX-FUTURE,3108.0,2744,3108.0,223
02:31:50,SP-FUTURE,3093.0,1320,3093.0,1532
02:31:51,ESX-FUTURE,3108.0,1635,3109.0,1332
02:31:51,ESX-FUTURE,3109.0,891,3109.0,2076
02:31:51,SP-FUTURE,3093.0,1316,3093.0,1536
02:31:52,SP-FUTURE,3093.0,1010,3093.0,1842
02:31:52,SP-FUTURE,3093.0,415,3093.0,2437
02:31:52,ESX-FUTURE,3109.0,2813,3109.0,154
02:31:53,SP-FUTURE,3093.0,440,3093.0,2412
02:31:53,SP-FUTURE,3093.0,453,3093.0,2399
02:31:54,ESX-FUTURE,3109.0,2802,3109.0,165
02:31:55,ESX-FUTURE,3109.0,2610,3109.0,357
02:31:55,SP-FUTURE,3093.0,2135,3093.0,717
02:31:56,ESX-FUTURE,3109.0,858,3110.0,2109
02:31:56,SP-FUTURE,3094.0,1284,3094.0,1568
02:31:56,ESX-FUTURE,3109.0,2910,3109.0,57
02:31:57,SP-FUTURE,3094.0,81,3094.0,2771
02:31:57,ESX-FUTURE,3109.0,2902,3109.0,65
02:31:58,SP-FUTURE,3094.0,1596,3094.0,1256
02:31:58,ESX-FUTURE,3109.0,52,3110.0,2915
02:31:58,SP-FUTURE,3094.0,1537,3094.0,1315
02:31:59,SP-FUTURE,3094.0,1506,3094.0,1346
02:31:59,ESX-FUTURE,3109.0,1890,3109.0,1077
02:31:59,ESX-FUTURE,3109.0,2456,3110.0,511
02:32:00,SP-FUTURE,3094.0,1842,3094.0,1010
02:32:00,ESX-FUTURE,3110.0,2341,3110.0,626
02:32:01,ESX-FUTURE,3110.0,1230,3110.0,1737
02:32:01,SP-FUTURE,3094.0,2671,3094.0,181
02:32:02,ESX-FUTURE,3110.0,1359,3110.0,1608
02:32:02,SP-FUTURE,3093.0,2497,3093.0,355
02:32:03,ESX-FUTURE,3110.0,1540,3110.0,1427
02:32:04,ESX-FUTURE,3110.0,723,3110.0,2244
02:32:04,SP-FUTURE,3093.0,78,3094.0,2774
02:32:05,SP-FUTURE,3093.0,1644,3093.0,1208
02:32:06,ESX-FUTURE,3109.0,716,3110.0,2251
02:32:06,ESX-FUTURE,3109.0,512,3109.0,2455
02:32:06,SP-FUTURE,3093.0,1714,3093.0,1138
02:32:07,ESX-FUTURE,3109.0,582,3109.0,2385
02:32:07,SP-FUTURE,3096.0,898,3096.0,1954
02:32:07,ESX-FUTURE,3109.0,95,3109.0,2872
02:32:08,SP-FUTURE,3096.0,895,3096.0,1957
02:32:08,SP-FUTURE,3096.0,886,3096.0,1966
02:32:08,ESX-FUTURE,3109.0,135,3109.0,2832
02:32:09,SP-FUTURE,3096.0,871,3096.0,1981
02:32:09,ESX-FUTURE,3111.0,2384,3111.0,583
02:32:10,ESX-FUTURE,3111.0,1369,3111.0,1598
02:32:10,SP-FUTURE,3096.0,2328,3096.0,524
02:32:11,ESX-FUTURE,3111.0,2485,3111.0,482
02:32:11,ESX-FUTURE,3111.0,2486,3111.0,481
02:32:11,SP-FUTURE,3096.0,2801,3096.0,51
02:32:13,SP-FUTURE,3096.0,340,3096.0,2512
02:32:13,ESX-FUTURE,3111.0,2760,3111.0,207
02:32:13,SP-FUTURE,3096.0,436,3096.0,2416
02:32:14,SP-FUTURE,3095.0,1475,3096.0,1377
02:32:14,SP-FUTURE,3095.0,2374,3096.0,478
02:32:14,ESX-FUTURE,3111.0,344,3111.0,2623
02:32:15,SP-FUTURE,3096.0,238,3096.0,2614
02:32:16,ESX-FUTURE,3111.0,60,3111.0,2907
02:32:17,SP-FUTURE,3096.0,235,3096.0,2617
02:32:17,ESX-FUTURE,3111.0,2922,3111.0,45
02:32:18,ESX-FUTURE,3111.0,2568,3111.0,399
02:32:18,SP-FUTURE,3095.0,2013,3096.0,839
02:32:19,SP-FUTURE,3095.0,2249,3096.0,603
02:32:19,ESX-FUTURE,3111.0,1084,3111.0,1883
02:32:20,SP-FUTURE,3095.0,1862,3095.0,990
02:32:21,ESX-FUTURE,3111.0,355,3112.0,2612
02:32:21,SP-FUTURE,3095.0,993,3095.0,1859
02:32:22,ESX-FUTURE,3111.0,1962,3111.0,1005
02:32:22,SP-FUTURE,3095.0,2465,3095.0,387
02:32:23,ESX-FUTURE,3111.0,2044,3111.0,923
02:32:23,SP-FUTURE,3095.0,1747,3095.0,1105
02:32:24,ESX-FUTURE,3111.0,2814,3111.0,153
02:32:24,SP-FUTURE,3095.0,1884,3095.0,968
02:32:25,ESX-FUTURE,3109.0,2664,3109.0,303
02:32:25,SP-FUTURE,3095.0,2655,3095.0,197
02:32:26,ESX-FUTURE,3109.0,2673,3109.0,294
02:32:27,ESX-FUTURE,3109.0,630,3109.0,2337
02:32:27,SP-FUTURE,3095.0,527,3096.0,2325
02:32:27,SP-FUTURE,3095.0,529,3096.0,2323
02:32:28,ESX-FUTURE,3109.0,1656,3110.0,1311
02:32:28,ESX-FUTURE,3110.0,786,3110.0,2181
02:32:29,ESX-FUTURE,3110.0,509,3110.0,2458
02:32:29,SP-FUTURE,3099.0,401,3099.0,2451
02:32:30,ESX-FUTURE,3110.0,2905,3110.0,62
02:32:30,SP-FUTURE,3099.0,432,3099.0,2420
02:32:31,SP-FUTURE,3094.0,2102,3095.0,750
02:32:31,ESX-FUTURE,3110.0,152,3110.0,2815
02:32:32,SP-FUTURE,3094.0,2102,3095.0,750
02:32:32,ESX-FUTURE,3110.0,50,3110.0,2917
02:32:33,SP-FUTURE,3094.0,2053,3095.0,799
02:32:33,SP-FUTURE,3094.0,2050,3095.0,802
02:32:34,SP-FUTURE,3094.0,1946,3095.0,906
02:32:34,ESX-FUTURE,3109.0,2477,3110.0,490
02:32:34,SP-FUTURE,3095.0,2134,3095.0,718
02:32:35,ESX-FUTURE,3109.0,2346,3110.0,621
02:32:35,SP-FUTURE,3095.0,232,3095.0,2620
02:32:36,ESX-FUTURE,3109.0,1192,3110.0,1775
02:32:37,SP-FUTURE,3096.0,1215,3096.0,1637
02:32:37,ESX-FUTURE,3110.0,100,3110.0,2867
02:32:38,SP-FUTURE,3096.0,1202,3096.0,1650
02:32:38,ESX-FUTURE,3109.0,2879,3110.0,88
02:32:39,SP-FUTURE,3096.0,1037,3096.0,1815
02:32:40,SP-FUTURE,3096.0,538,3096.0,2314
02:32:40,ESX-FUTURE,3110.0,1144,3110.0,1823
02:32:40,SP-FUTURE,3096.0,516,3096.0,2336
02:32:41,SP-FUTURE,3096.0,2226,3096.0,626
02:32:41,ESX-FUTURE,3109.0,1993,3110.0,974
02:32:41,SP-FUTURE,3096.0,2025,3096.0,827
02:32:42,ESX-FUTURE,3109.0,1481,3110.0,1486
02:32:42,ESX-FUTURE,3109.0,1704,3109.0,1263
02:32:42,SP-FUTURE,3096.0,2174,3096.0,678
02:32:43,ESX-FUTURE,3109.0,1187,3109.0,1780
02:32:44,ESX-FUTURE,3109.0,802,3109.0,2165
02:32:44,SP-FUTURE,3096.0,2614,3096.0,238
02:32:45,ESX-FUTURE,3109.0,1487,3109.0,1480
02:32:45,SP-FUTURE,3097.0,1016,3097.0,1836
02:32:46,ESX-FUTURE,3109.0,2090,3109.0,877
02:32:46,SP-FUTURE,3097.0,1348,3097.0,1504
02:32:46,ESX-FUTURE,3110.0,339,3110.0,2628
02:32:47,SP-FUTURE,3097.0,1015,3097.0,1837
02:32:47,ESX-FUTURE,3110.0,539,3110.0,2428
02:32:48,ESX-FUTURE,3110.0,2605,3110.0,362
02:32:48,SP-FUTURE,3097.0,1231,3097.0,1621
02:32:48,ESX-FUTURE,3110.0,108,3111.0,2859
02:32:48,SP-FUTURE,3097.0,1126,3097.0,1726
02:32:50,ESX-FUTURE,3110.0,2820,3110.0,147
02:32:50,SP-FUTURE,3097.0,982,3097.0,1870
02:32:51,SP-FUTURE,3097.0,1195,3097.0,1657
02:32:51,ESX-FUTURE,3111.0,2277,3111.0,690
02:32:52,SP-FUTURE,3097.0,2201,3097.0,651
02:32:52,ESX-FUTURE,3111.0,1062,3111.0,1905
02:32:53,ESX-FUTURE,3110.0,1819,3110.0,1148
02:32:53,ESX-FUTURE,3110.0,1115,3110.0,1852
02:32:53,SP-FUTURE,3098.0,45,3098.0,2807
02:32:54,SP-FUTURE,3097.0,2299,3098.0,553
02:32:54,ESX-FUTURE,3110.0,2373,3110.0,594
02:32:55,SP-FUTURE,3097.0,1816,3098.0,1036
02:32:55,ESX-FUTURE,3110.0,1531,3110.0,1436
02:32:56,ESX-FUTURE,3110.0,2607,3110.0,360
02:32:56,SP-FUTURE,3097.0,1819,3098.0,1033
02:32:57,ESX-FUTURE,3110.0,2950,3111.0,17
02:32:57,SP-FUTURE,3097.0,1823,3098.0,1029
02:32:58,ESX-FUTURE,3110.0,2560,3110.0,407
02:32:58,SP-FUTURE,3097.0,1751,3098.0,1101
02:32:59,SP-FUTURE,3097.0,1722,3098.0,1130
02:32:59,ESX-FUTURE,3110.0,542,3110.0,2425
02:33:00,SP-FUTURE,3097.0,2756,3097.0,96
02:33:01,ESX-FUTURE,3110.0,544,3110.0,2423
02:33:01,SP-FUTURE,3097.0,2051,3097.0,801
02:33:01,ESX-FUTURE,3109.0,1512,3110.0,1455
02:33:02,SP-FUTURE,3097.0,102,3098.0,2750
02:33:02,ESX-FUTURE,3113.0,997,3114.0,1970
02:33:03,SP-FUTURE,3097.0,1844,3097.0,1008
02:33:03,ESX-FUTURE,3113.0,595,3113.0,2372
02:33:04,ESX-FUTURE,3113.0,595,3113.0,2372
02:33:04,SP-FUTURE,3097.0,2266,3098.0,586
02:33:05,SP-FUTURE,3097.0,2633,3097.0,219
02:33:06,ESX-FUTURE,3113.0,1505,3113.0,1462
02:33:06,ESX-FUTURE,3113.0,1769,3113.0,1198
02:33:07,SP-FUTURE,3098.0,1300,3098.0,1552
02:33:07,ESX-FUTURE,3113.0,1872,3113.0,1095
02:33:07,SP-FUTURE,3097.0,2104,3098.0,748
02:33:07,SP-FUTURE,3097.0,272,3098.0,2580
02:33:09,ESX-FUTURE,3113.0,1892,3113.0,1075
02:33:10,SP-FUTURE,3098.0,931,3098.0,1921
02:33:10,ESX-FUTURE,3113.0,2191,3113.0,776
02:33:10,SP-FUTURE,3098.0,408,3098.0,2444
02:33:11,SP-FUTURE,3098.0,2666,3098.0,186
02:33:11,ESX-FUTURE,3113.0,2535,3113.0,432
02:33:12,SP-FUTURE,3098.0,1225,3098.0,1627
02:33:12,ESX-FUTURE,3113.0,2084,3113.0,883
02:33:13,SP-FUTURE,3098.0,1818,3098.0,1034
02:33:13,ESX-FUTURE,3113.0,1318,3113.0,1649
02:33:14,ESX-FUTURE,3113.0,2376,3114.0,591
02:33:14,SP-FUTURE,3098.0,489,3098.0,2363
02:33:15,SP-FUTURE,3098.0,888,3099.0,1964
02:33:16,ESX-FUTURE,3114.0,1476,3114.0,1491
02:33:16,ESX-FUTURE,3114.0,1958,3114.0,1009
02:33:16,SP-FUTURE,3098.0,2774,3099.0,78
02:33:17,ESX-FUTURE,3114.0,1943,3114.0,1024
02:33:17,ESX-FUTURE,3114.0,852,3114.0,2115
02:33:18,SP-FUTURE,3098.0,2574,3099.0,278
02:33:19,ESX-FUTURE,3114.0,2242,3114.0,725
02:33:19,SP-FUTURE,3098.0,920,3098.0,1932
02:33:19,SP-FUTURE,3098.0,865,3098.0,1987
02:33:20,ESX-FUTURE,3116.0,1655,3117.0,1312
02:33:20,SP-FUTURE,3097.0,1539,3098.0,1313
02:33:21,ESX-FUTURE,3116.0,2808,3116.0,159
02:33:21,SP-FUTURE,3097.0,1567,3098.0,1285
02:33:21,ESX-FUTURE,3116.0,1441,3116.0,1526
02:33:21,SP-FUTURE,3097.0,1770,3097.0,1082
02:33:22,ESX-FUTURE,3116.0,418,3116.0,2549
02:33:23,ESX-FUTURE,3116.0,218,3116.0,2749
02:33:23,SP-FUTURE,3097.0,1857,3097.0,995
02:33:23,SP-FUTURE,3097.0,2746,3098.0,106
02:33:24,ESX-FUTURE,3116.0,391,3116.0,2576
02:33:25,SP-FUTURE,3097.0,1496,3098.0,1356
02:33:26,ESX-FUTURE,3116.0,731,3116.0,2236
02:33:26,SP-FUTURE,3097.0,1496,3098.0,1356
02:33:26,SP-FUTURE,3097.0,1111,3098.0,1741
02:33:27,ESX-FUTURE,3116.0,875,3116.0,2092
02:33:27,ESX-FUTURE,3116.0,1935,3116.0,1032
02:33:27,SP-FUTURE,3097.0,915,3098.0,1937
02:33:27,SP-FUTURE,3097.0,1118,3097.0,1734
02:33:28,SP-FUTURE,3097.0,2415,3097.0,437
02:33:29,SP-FUTURE,3097.0,2428,3097.0,424
02:33:29,ESX-FUTURE,3116.0,2905,3116.0,62
02:33:29,SP-FUTURE,3097.0,2437,3097.0,415
02:33:30,ESX-FUTURE,3116.0,2922,3116.0,45
02:33:30,SP-FUTURE,3097.0,2001,3097.0,851
02:33:31,ESX-FUTURE,3115.0,347,3116.0,2620
02:33:31,SP-FUTURE,3097.0,1773,3097.0,1079
02:33:31,ESX-FUTURE,3115.0,2342,3115.0,625
02:33:32,SP-FUTURE,3097.0,1397,3097.0,1455
02:33:32,SP-FUTURE,3097.0,2711,3097.0,141
02:33:32,ESX-FUTURE,3115.0,2628,3115.0,339
02:33:33,SP-FUTURE,3097.0,2542,3097.0,310
02:33:33,ESX-FUTURE,3115.0,321,3116.0,2646
02:33:34,ESX-FUTURE,3115.0,386,3116.0,2581
02:33:35,SP-FUTURE,3097.0,13,3097.0,2839
02:33:35,ESX-FUTURE,3115.0,379,3116.0,2588
02:33:36,SP-FUTURE,3097.0,2023,3097.0,829
02:33:36,ESX-FUTURE,3116.0,332,3116.0,2635
02:33:37,SP-FUTURE,3097.0,2008,3097.0,844
02:33:37,SP-FUTURE,3097.0,2027,3097.0,825
02:33:37,SP-FUTURE,3097.0,452,3097.0,2400
02:33:38,ESX-FUTURE,3116.0,333,3116.0,2634
02:33:38,ESX-FUTURE,3116.0,81,3116.0,2886
02:33:39,ESX-FUTURE,3116.0,949,3116.0,2018
02:33:39,SP-FUTURE,3097.0,2447,3097.0,405
02:33:39,SP-FUTURE,3096.0,70,3096.0,2782
02:33:40,ESX-FUTURE,3116.0,896,3116.0,2071
02:33:41,SP-FUTURE,3096.0,2834,3096.0,18
02:33:42,ESX-FUTURE,3116.0,897,3116.0,2070
02:33:42,SP-FUTURE,3096.0,1646,3096.0,1206
02:33:42,ESX-FUTURE,3116.0,2900,3116.0,67
02:33:43,SP-FUTURE,3096.0,1667,3096.0,1185
02:33:44,SP-FUTURE,3096.0,1683,3096.0,1169
02:33:44,ESX-FUTURE,3116.0,107,3116.0,2860
02:33:44,SP-FUTURE,3098.0,295,3098.0,2557
02:33:45,SP-FUTURE,3098.0,286,3098.0,2566
02:33:45,ESX-FUTURE,3115.0,2351,3116.0,616
02:33:46,SP-FUTURE,3098.0,1222,3098.0,1630
02:33:46,ESX-FUTURE,3116.0,769,3117.0,2198
02:33:48,SP-FUTURE,3098.0,1181,3098.0,1671
02:33:48,ESX-FUTURE,3116.0,2601,3116.0,366
02:33:48,SP-FUTURE,3097.0,2749,3098.0,103
02:33:49,ESX-FUTURE,3116.0,1573,3116.0,1394
02:33:49,SP-FUTURE,3096.0,2772,3096.0,80
02:33:49,SP-FUTURE,3096.0,2771,3096.0,81
02:33:50,ESX-FUTURE,3112.0,1669,3112.0,1298
02:33:51,ESX-FUTURE,3112.0,1900,3112.0,1067
02:33:51,SP-FUTURE,3096.0,472,3096.0,2380
02:33:52,ESX-FUTURE,3112.0,1529,3112.0,1438
02:33:52,SP-FUTURE,3096.0,1803,3096.0,1049
02:33:53,SP-FUTURE,3096.0,1211,3096.0,1641
02:33:54,ESX-FUTURE,3111.0,2266,3111.0,701
02:33:54,SP-FUTURE,3096.0,1746,3096.0,1106
02:33:55,SP-FUTURE,3096.0,1750,3096.0,1102
02:33:55,SP-FUTURE,3096.0,1752,3096.0,1100
02:33:56,ESX-FUTURE,3109.0,1920,3109.0,1047
02:33:56,SP-FUTURE,3095.0,606,3096.0,2246
02:33:57,ESX-FUTURE,3109.0,147,3109.0,2820
02:33:57,ESX-FUTURE,3109.0,1188,3109.0,1779
02:33:58,SP-FUTURE,3096.0,130,3096.0,2722
02:33:59,SP-FUTURE,3096.0,132,3096.0,2720
02:33:59,ESX-FUTURE,3109.0,1151,3109.0,1816
02:34:00,ESX-FUTURE,3109.0,1140,3109.0,1827
02:34:00,SP-FUTURE,3096.0,59,3097.0,2793
02:34:01,SP-FUTURE,3096.0,2100,3097.0,752
02:34:01,SP-FUTURE,3096.0,1132,3097.0,1720
02:34:01,ESX-FUTURE,3109.0,872,3109.0,2095
02:34:01,SP-FUTURE,3096.0,2392,3097.0,460
02:34:02,ESX-FUTURE,3109.0,1559,3109.0,1408
02:34:03,ESX-FUTURE,3109.0,271,3109.0,2696
02:34:03,SP-FUTURE,3097.0,1714,3097.0,1138
02:34:04,SP-FUTURE,3097.0,2452,3097.0,400
02:34:05,ESX-FUTURE,3109.0,196,3109.0,2771
02:34:05,SP-FUTURE,3097.0,2536,3097.0,316
02:34:06,ESX-FUTURE,3108.0,1561,3108.0,1406
02:34:06,ESX-FUTURE,3108.0,1865,3108.0,1102
02:34:07,SP-FUTURE,3097.0,733,3097.0,2119
02:34:07,ESX-FUTURE,3108.0,1466,3108.0,1501
02:34:08,SP-FUTURE,3097.0,1963,3097.0,889
02:34:08,ESX-FUTURE,3108.0,693,3108.0,2274
02:34:09,SP-FUTURE,3097.0,111,3097.0,2741
02:34:10,ESX-FUTURE,3108.0,2590,3108.0,377
02:34:10,SP-FUTURE,3097.0,2327,3097.0,525
02:34:11,ESX-FUTURE,3108.0,2788,3108.0,179
02:34:11,SP-FUTURE,3096.0,1924,3097.0,928
02:34:11,ESX-FUTURE,3108.0,1296,3109.0,1671
02:34:11,SP-FUTURE,3096.0,1039,3097.0,1813
02:34:12,SP-FUTURE,3096.0,1357,3097.0,1495
02:34:13,SP-FUTURE,3097.0,910,3098.0,1942
02:34:13,ESX-FUTURE,3108.0,2205,3109.0,762
02:34:14,ESX-FUTURE,3108.0,664,3108.0,2303
02:34:14,ESX-FUTURE,3107.0,554,3108.0,2413
02:34:15,ESX-FUTURE,3108.0,295,3108.0,2672
02:34:15,SP-FUTURE,3097.0,753,3098.0,2099
02:34:16,ESX-FUTURE,3110.0,2197,3111.0,770
02:34:16,SP-FUTURE,3097.0,844,3098.0,2008
02:34:18,ESX-FUTURE,3111.0,985,3111.0,1982
02:34:18,SP-FUTURE,3098.0,120,3098.0,2732
02:34:19,ESX-FUTURE,3115.0,77,3115.0,2890
02:34:19,SP-FUTURE,3098.0,595,3098.0,2257
02:34:20,SP-FUTURE,3098.0,593,3098.0,2259
02:34:20,ESX-FUTURE,3115.0,2885,3115.0,82
02:34:21,SP-FUTURE,3098.0,224,3098.0,2628
02:34:21,ESX-FUTURE,3115.0,2021,3115.0,946
02:34:22,SP-FUTURE,3098.0,2713,3098.0,139
02:34:24,ESX-FUTURE,3115.0,2307,3115.0,660
02:34:24,SP-FUTURE,3098.0,95,3098.0,2757
02:34:25,ESX-FUTURE,3115.0,2305,3115.0,662
02:34:25,ESX-FUTURE,3115.0,2528,3115.0,439
02:34:25,SP-FUTURE,3098.0,2707,3098.0,145
02:34:26,ESX-FUTURE,3115.0,2600,3115.0,367
02:34:26,SP-FUTURE,3094.0,2469,3095.0,383
02:34:27,ESX-FUTURE,3115.0,2655,3115.0,312
02:34:27,SP-FUTURE,3094.0,2136,3095.0,716
02:34:28,ESX-FUTURE,3115.0,2803,3115.0,164
02:34:29,SP-FUTURE,3094.0,2769,3095.0,83
02:34:29,ESX-FUTURE,3111.0,2937,3111.0,30
02:34:30,SP-FUTURE,3094.0,2775,3095.0,77
02:34:30,ESX-FUTURE,3111.0,2643,3111.0,324
02:34:30,SP-FUTURE,3095.0,82,3095.0,2770
02:34:31,ESX-FUTURE,3111.0,2749,3111.0,218
02:34:31,SP-FUTURE,3094.0,2721,3095.0,131
02:34:31,ESX-FUTURE,3111.0,2914,3111.0,53
02:34:32,SP-FUTURE,3094.0,2776,3095.0,76
02:34:33,ESX-FUTURE,3111.0,2410,3111.0,557
02:34:33,SP-FUTURE,3094.0,2535,3095.0,317
02:34:34,ESX-FUTURE,3110.0,1220,3111.0,1747
02:34:34,SP-FUTURE,3094.0,715,3094.0,2137
02:34:34,ESX-FUTURE,3110.0,1217,3111.0,1750
02:34:34,SP-FUTURE,3094.0,1762,3094.0,1090
02:34:35,ESX-FUTURE,3110.0,1067,3111.0,1900
02:34:36,SP-FUTURE,3093.0,2748,3094.0,104
02:34:37,ESX-FUTURE,3110.0,78,3111.0,2889
02:34:37,SP-FUTURE,3093.0,2747,3094.0,105
02:34:38,ESX-FUTURE,3110.0,225,3111.0,2742
02:34:38,SP-FUTURE,3094.0,666,3094.0,2186
02:34:39,ESX-FUTURE,3110.0,2314,3110.0,653
02:34:40,SP-FUTURE,3094.0,686,3094.0,2166
02:34:41,SP-FUTURE,3094.0,1221,3094.0,1631
02:34:41,ESX-FUTURE,3111.0,2936,3111.0,31
02:34:42,ESX-FUTURE,3111.0,145,3111.0,2822
02:34:42,SP-FUTURE,3094.0,1218,3094.0,1634
02:34:43,ESX-FUTURE,3110.0,400,3110.0,2567
02:34:44,SP-FUTURE,3095.0,2208,3095.0,644
02:34:44,ESX-FUTURE,3110.0,79,3110.0,2888
02:34:45,ESX-FUTURE,3110.0,1798,3110.0,1169
02:34:45,SP-FUTURE,3095.0,492,3095.0,2360
02:34:46,ESX-FUTURE,3110.0,759,3110.0,2208
02:34:47,SP-FUTURE,3095.0,1810,3095.0,1042
02:34:48,ESX-FUTURE,3110.0,1647,3110.0,1320
02:34:48,SP-FUTURE,3095.0,2760,3095.0,92
02:34:48,ESX-FUTURE,3110.0,697,3110.0,2270
02:34:49,ESX-FUTURE,3110.0,594,3110.0,2373
02:34:49,SP-FUTURE,3095.0,1296,3096.0,1556
02:34:50,ESX-FUTURE,3110.0,1773,3111.0,1194
02:34:50,SP-FUTURE,3094.0,2246,3095.0,606
02:34:51,SP-FUTURE,3095.0,1002,3095.0,1850
02:34:52,ESX-FUTURE,3110.0,46,3110.0,2921
02:34:53,SP-FUTURE,3095.0,1001,3095.0,1851
02:34:54,ESX-FUTURE,3110.0,111,3110.0,2856
02:34:54,SP-FUTURE,3095.0,1624,3095.0,1228
02:34:54,ESX-FUTURE,3110.0,1471,3110.0,1496
02:34:55,ESX-FUTURE,3109.0,442,3109.0,2525
02:34:56,SP-FUTURE,3095.0,1223,3095.0,1629
02:34:56,ESX-FUTURE,3110.0,270,3110.0,2697
02:34:57,SP-FUTURE,3095.0,759,3095.0,2093
02:34:58,ESX-FUTURE,3110.0,582,3110.0,2385
02:34:58,SP-FUTURE,3097.0,2200,3098.0,652
02:34:58,ESX-FUTURE,3110.0,290,3111.0,2677
02:35:00,ESX-FUTURE,3110.0,2469,3111.0,498
02:35:00,SP-FUTURE,3094.0,2082,3094.0,770
02:35:01,SP-FUTURE,3094.0,2100,3094.0,752
02:35:01,ESX-FUTURE,3108.0,545,3108.0,2422
02:35:02,ESX-FUTURE,3107.0,1965,3107.0,1002
02:35:03,SP-FUTURE,3094.0,1712,3095.0,1140
02:35:03,ESX-FUTURE,3107.0,1358,3108.0,1609
02:35:04,ESX-FUTURE,3107.0,1673,3108.0,1294
02:35:04,SP-FUTURE,3094.0,1776,3095.0,1076
02:35:05,ESX-FUTURE,3107.0,2707,3107.0,260
02:35:05,SP-FUTURE,3094.0,2441,3095.0,411
02:35:06,SP-FUTURE,3094.0,2142,3095.0,710
02:35:06,ESX-FUTURE,3107.0,1391,3108.0,1576
02:35:07,SP-FUTURE,3093.0,660,3093.0,2192
02:35:07,ESX-FUTURE,3107.0,1338,3108.0,1629
02:35:07,SP-FUTURE,3093.0,1996,3094.0,856
02:35:08,ESX-FUTURE,3108.0,496,3108.0,2471
02:35:08,SP-FUTURE,3093.0,1556,3094.0,1296
02:35:09,ESX-FUTURE,3106.0,1450,3107.0,1517
02:35:09,ESX-FUTURE,3107.0,1717,3107.0,1250
02:35:10,SP-FUTURE,3093.0,814,3093.0,2038
02:35:11,ESX-FUTURE,3107.0,1025,3107.0,1942
02:35:11,SP-FUTURE,3093.0,359,3093.0,2493
02:35:13,ESX-FUTURE,3107.0,978,3107.0,1989
02:35:13,SP-FUTURE,3093.0,2298,3093.0,554
02:35:13,ESX-FUTURE,3106.0,2566,3107.0,401
02:35:14,ESX-FUTURE,3107.0,1172,3107.0,1795
02:35:14,SP-FUTURE,3093.0,2618,3093.0,234
02:35:15,ESX-FUTURE,3107.0,1167,3107.0,1800
02:35:16,SP-FUTURE,3093.0,1395,3093.0,1457
02:35:16,ESX-FUTURE,3107.0,842,3107.0,2125
02:35:17,SP-FUTURE,3093.0,1691,3093.0,1161
02:35:17,ESX-FUTURE,3106.0,2091,3106.0,876
02:35:18,ESX-FUTURE,3106.0,2102,3106.0,865
02:35:19,SP-FUTURE,3093.0,48,3093.0,2804
02:35:19,ESX-FUTURE,3106.0,2098,3106.0,869
02:35:19,ESX-FUTURE,3106.0,2065,3106.0,902
02:35:20,SP-FUTURE,3093.0,18,3093.0,2834
02:35:20,SP-FUTURE,3093.0,625,3093.0,2227
02:35:21,SP-FUTURE,3093.0,2631,3093.0,221
02:35:21,ESX-FUTURE,3106.0,2124,3106.0,843
02:35:22,SP-FUTURE,3093.0,2710,3093.0,142
02:35:22,ESX-FUTURE,3106.0,2657,3106.0,310
02:35:23,SP-FUTURE,3093.0,2731,3093.0,121
02:35:24,ESX-FUTURE,3106.0,2751,3106.0,216
02:35:25,ESX-FUTURE,3106.0,896,3106.0,2071
02:35:25,SP-FUTURE,3093.0,2545,3093.0,307
02:35:25,ESX-FUTURE,3106.0,2657,3106.0,310
02:35:26,SP-FUTURE,3093.0,2675,3093.0,177
02:35:26,ESX-FUTURE,3106.0,35,3106.0,2932
02:35:27,ESX-FUTURE,3106.0,217,3106.0,2750
02:35:27,SP-FUTURE,3093.0,1711,3093.0,1141
02:35:28,ESX-FUTURE,3106.0,2252,3106.0,715
02:35:28,SP-FUTURE,3093.0,1431,3093.0,1421
02:35:29,SP-FUTURE,3093.0,2371,3093.0,481
02:35:29,SP-FUTURE,3093.0,2449,3093.0,403
02:35:29,ESX-FUTURE,3106.0,1274,3106.0,1693
02:35:29,SP-FUTURE,3093.0,2615,3093.0,237
02:35:30,ESX-FUTURE,3106.0,1853,3106.0,1114
02:35:30,SP-FUTURE,3093.0,1494,3093.0,1358
02:35:31,ESX-FUTURE,3104.0,2577,3104.0,390
02:35:31,SP-FUTURE,3091.0,1684,3091.0,1168
02:35:32,ESX-FUTURE,3104.0,1351,3105.0,1616
02:35:33,SP-FUTURE,3091.0,380,3091.0,2472
02:35:33,SP-FUTURE,3091.0,2836,3091.0,16
02:35:33,ESX-FUTURE,3104.0,1371,3105.0,1596
02:35:34,ESX-FUTURE,3104.0,1385,3105.0,1582
02:35:34,SP-FUTURE,3091.0,2555,3091.0,297
02:35:35,ESX-FUTURE,3104.0,1432,3105.0,1535
02:35:35,SP-FUTURE,3091.0,2842,3091.0,10
02:35:36,ESX-FUTURE,3104.0,1441,3105.0,1526
02:35:36,SP-FUTURE,3091.0,1225,3091.0,1627
02:35:37,SP-FUTURE,3091.0,1698,3091.0,1154
02:35:38,ESX-FUTURE,3104.0,2515,3104.0,452
02:35:38,ESX-FUTURE,3104.0,2516,3104.0,451
02:35:38,SP-FUTURE,3091.0,2426,3091.0,426
02:35:38,SP-FUTURE,3091.0,2241,3091.0,611
02:35:39,ESX-FUTURE,3104.0,1380,3104.0,1587
02:35:39,SP-FUTURE,3091.0,1391,3091.0,1461
02:35:40,SP-FUTURE,3091.0,717,3091.0,2135
02:35:40,ESX-FUTURE,3104.0,2306,3104.0,661
02:35:41,SP-FUTURE,3088.0,1354,3088.0,1498
02:35:41,SP-FUTURE,3088.0,2706,3088.0,146
02:35:42,ESX-FUTURE,3104.0,798,3104.0,2169
02:35:42,SP-FUTURE,3088.0,1741,3088.0,1111
02:35:43,SP-FUTURE,3088.0,2735,3088.0,117
02:35:43,ESX-FUTURE,3104.0,836,3104.0,2131
02:35:44,ESX-FUTURE,3104.0,1006,3104.0,1961
02:35:44,SP-FUTURE,3088.0,1678,3088.0,1174
02:35:44,ESX-FUTURE,3104.0,350,3104.0,2617
02:35:45,ESX-FUTURE,3104.0,2204,3104.0,763
02:35:45,SP-FUTURE,3088.0,1854,3088.0,998
02:35:45,SP-FUTURE,3088.0,21,3088.0,2831
02:35:46,ESX-FUTURE,3104.0,2204,3104.0,763
02:35:46,ESX-FUTURE,3104.0,2193,3104.0,774
02:35:47,SP-FUTURE,3088.0,1655,3088.0,1197
02:35:48,SP-FUTURE,3088.0,1744,3088.0,1108
02:35:48,ESX-FUTURE,3104.0,2668,3104.0,299
02:35:49,SP-FUTURE,3088.0,1674,3088.0,1178
02:35:50,ESX-FUTURE,3104.0,1319,3104.0,1648
02:35:50,SP-FUTURE,3088.0,1772,3088.0,1080
02:35:51,SP-FUTURE,3089.0,629,3089.0,2223
02:35:51,ESX-FUTURE,3104.0,827,3104.0,2140
02:35:52,ESX-FUTURE,3104.0,1192,3104.0,1775
02:35:52,SP-FUTURE,3089.0,141,3089.0,2711
02:35:52,ESX-FUTURE,3104.0,1143,3104.0,1824
02:35:53,SP-FUTURE,3089.0,2558,3089.0,294
02:35:54,SP-FUTURE,3089.0,1974,3089.0,878
02:35:54,ESX-FUTURE,3102.0,181,3102.0,2786
02:35:55,ESX-FUTURE,3102.0,794,3102.0,2173
02:35:55,ESX-FUTURE,3102.0,2282,3102.0,685
02:35:55,SP-FUTURE,3089.0,100,3089.0,2752
02:35:55,ESX-FUTURE,3102.0,2592,3102.0,375
02:35:56,SP-FUTURE,3089.0,2298,3089.0,554
02:35:57,ESX-FUTURE,3101.0,2206,3102.0,761
02:35:57,SP-FUTURE,3089.0,466,3089.0,2386
02:35:58,SP-FUTURE,3089.0,676,3089.0,2176
02:35:58,ESX-FUTURE,3102.0,1417,3102.0,1550
02:35:59,SP-FUTURE,3089.0,187,3089.0,2665
02:35:59,ESX-FUTURE,3102.0,1314,3102.0,1653
02:35:59,ESX-FUTURE,3102.0,675,3102.0,2292
02:36:00,SP-FUTURE,3089.0,610,3089.0,2242
02:36:00,ESX-FUTURE,3102.0,2513,3102.0,454
02:36:01,ESX-FUTURE,3102.0,1261,3102.0,1706
02:36:01,SP-FUTURE,3088.0,1945,3089.0,907
02:36:02,SP-FUTURE,3088.0,1092,3088.0,1760
02:36:02,ESX-FUTURE,3102.0,1843,3102.0,1124
02:36:03,SP-FUTURE,3088.0,1100,3088.0,1752
02:36:04,ESX-FUTURE,3102.0,949,3102.0,2018
02:36:04,SP-FUTURE,3088.0,1661,3088.0,1191
02:36:05,ESX-FUTURE,3102.0,761,3103.0,2206
02:36:05,SP-FUTURE,3087.0,1000,3088.0,1852
02:36:06,SP-FUTURE,3087.0,1175,3087.0,1677
02:36:06,ESX-FUTURE,3102.0,549,3102.0,2418
02:36:06,ESX-FUTURE,3102.0,2695,3102.0,272
02:36:07,SP-FUTURE,3087.0,1217,3087.0,1635
02:36:07,ESX-FUTURE,3103.0,1490,3103.0,1477
02:36:08,SP-FUTURE,3086.0,1710,3086.0,1142
02:36:08,ESX-FUTURE,3103.0,1587,3103.0,1380
02:36:09,SP-FUTURE,3086.0,282,3086.0,2570
02:36:10,ESX-FUTURE,3103.0,721,3103.0,2246
02:36:10,SP-FUTURE,3086.0,818,3086.0,2034
02:36:11,ESX-FUTURE,3103.0,766,3103.0,2201
02:36:11,ESX-FUTURE,3104.0,1489,3104.0,1478
02:36:11,SP-FUTURE,3086.0,683,3086.0,2169
02:36:12,SP-FUTURE,3085.0,1825,3086.0,1027
02:36:12,ESX-FUTURE,3104.0,1704,3104.0,1263
02:36:13,SP-FUTURE,3085.0,659,3085.0,2193
02:36:14,ESX-FUTURE,3104.0,745,3104.0,2222
02:36:14,SP-FUTURE,3085.0,2836,3085.0,16
02:36:15,ESX-FUTURE,3104.0,719,3104.0,2248
02:36:15,SP-FUTURE,3085.0,2695,3085.0,157
02:36:16,ESX-FUTURE,3104.0,727,3104.0,2240
02:36:16,SP-FUTURE,3085.0,1398,3085.0,1454
02:36:17,SP-FUTURE,3088.0,2187,3088.0,665
02:36:17,ESX-FUTURE,3104.0,865,3104.0,2102
02:36:18,SP-FUTURE,3088.0,1488,3088.0,1364
02:36:18,ESX-FUTURE,3104.0,822,3104.0,2145
02:36:19,SP-FUTURE,3088.0,2277,3088.0,575
02:36:20,ESX-FUTURE,3104.0,932,3104.0,2035
02:36:21,SP-FUTURE,3087.0,558,3088.0,2294
02:36:21,ESX-FUTURE,3104.0,2093,3104.0,874
02:36:21,ESX-FUTURE,3104.0,493,3104.0,2474
02:36:21,SP-FUTURE,3087.0,2039,3087.0,813
02:36:22,ESX-FUTURE,3104.0,53,3104.0,2914
02:36:22,ESX-FUTURE,3104.0,2243,3104.0,724
02:36:23,SP-FUTURE,3087.0,1106,3088.0,1746
02:36:23,ESX-FUTURE,3104.0,2315,3104.0,652
02:36:24,ESX-FUTURE,3104.0,2174,3105.0,793
02:36:24,SP-FUTURE,3087.0,1124,3087.0,1728
02:36:24,ESX-FUTURE,3104.0,2214,3105.0,753
02:36:25,ESX-FUTURE,3105.0,2061,3105.0,906
02:36:26,SP-FUTURE,3087.0,1125,3087.0,1727
02:36:26,SP-FUTURE,3087.0,344,3087.0,2508
02:36:26,ESX-FUTURE,3105.0,610,3105.0,2357
02:36:27,ESX-FUTURE,3105.0,2963,3105.0,4
02:36:28,SP-FUTURE,3083.0,1071,3083.0,1781
02:36:28,ESX-FUTURE,3105.0,236,3105.0,2731
02:36:29,SP-FUTURE,3083.0,1250,3083.0,1602
02:36:29,ESX-FUTURE,3105.0,488,3105.0,2479
02:36:30,ESX-FUTURE,3104.0,2209,3105.0,758
02:36:30,SP-FUTURE,3083.0,1485,3083.0,1367
02:36:31,SP-FUTURE,3083.0,1671,3083.0,1181
02:36:31,SP-FUTURE,3083.0,2641,3083.0,211
02:36:31,SP-FUTURE,3083.0,2818,3083.0,34
02:36:31,ESX-FUTURE,3104.0,2069,3105.0,898
02:36:32,ESX-FUTURE,3104.0,2132,3105.0,835
02:36:33,SP-FUTURE,3083.0,529,3083.0,2323
02:36:33,ESX-FUTURE,3105.0,1495,3105.0,1472
02:36:33,SP-FUTURE,3081.0,100,3081.0,2752
02:36:34,ESX-FUTURE,3105.0,1771,3105.0,1196
02:36:35,SP-FUTURE,3081.0,2607,3081.0,245
02:36:35,SP-FUTURE,3081.0,772,3081.0,2080
02:36:36,ESX-FUTURE,3104.0,2706,3105.0,261
02:36:36,SP-FUTURE,3080.0,1398,3081.0,1454
02:36:37,ESX-FUTURE,3104.0,2440,3105.0,527
02:36:37,SP-FUTURE,3080.0,2052,3081.0,800
02:36:37,SP-FUTURE,3080.0,2010,3081.0,842
02:36:38,ESX-FUTURE,3102.0,2522,3102.0,445
02:36:38,SP-FUTURE,3081.0,1948,3081.0,904
02:36:39,ESX-FUTURE,3102.0,2949,3102.0,18
02:36:39,ESX-FUTURE,3102.0,2791,3102.0,176
02:36:40,ESX-FUTURE,3102.0,2967,3102.0,2
02:36:40,SP-FUTURE,3081.0,1943,3081.0,909
02:36:41,SP-FUTURE,3081.0,1943,3081.0,909
02:36:41,ESX-FUTURE,3102.0,1760,3102.0,1209
02:36:41,ESX-FUTURE,3102.0,1464,3102.0,1505
02:36:41,SP-FUTURE,3079.0,2068,3079.0,784
02:36:42,ESX-FUTURE,3103.0,721,3103.0,2248
02:36:42,SP-FUTURE,3079.0,2796,3079.0,56
02:36:43,ESX-FUTURE,3103.0,165,3103.0,2804
02:36:44,SP-FUTURE,3079.0,2544,3079.0,308
02:36:44,ESX-FUTURE,3103.0,225,3103.0,2744
02:36:45,ESX-FUTURE,3103.0,1043,3103.0,1926
02:36:46,ESX-FUTURE,3103.0,1176,3103.0,1793
02:36:46,SP-FUTURE,3079.0,1218,3080.0,1634
02:36:47,SP-FUTURE,3079.0,1266,3080.0,1586
02:36:48,ESX-FUTURE,3101.0,1219,3102.0,1750
02:36:48,SP-FUTURE,3080.0,2554,3080.0,298
02:36:48,ESX-FUTURE,3101.0,820,3101.0,2149
02:36:49,SP-FUTURE,3080.0,2699,3080.0,153
02:36:49,ESX-FUTURE,3101.0,853,3101.0,2116
02:36:49,ESX-FUTURE,3101.0,727,3101.0,2242
02:36:51,SP-FUTURE,3080.0,2409,3080.0,443
02:36:51,ESX-FUTURE,3101.0,146,3101.0,2823
02:36:51,SP-FUTURE,3080.0,544,3080.0,2308
02:36:52,SP-FUTURE,3080.0,492,3080.0,2360
02:36:52,ESX-FUTURE,3102.0,2014,3103.0,955
02:36:53,ESX-FUTURE,3103.0,699,3103.0,2270
02:36:53,ESX-FUTURE,3103.0,1425,3103.0,1544
02:36:53,SP-FUTURE,3080.0,1545,3080.0,1307
02:36:53,ESX-FUTURE,3104.0,1858,3104.0,1111
02:36:54,SP-FUTURE,3080.0,1517,3080.0,1335
02:36:55,SP-FUTURE,3081.0,1337,3081.0,1515
02:36:55,ESX-FUTURE,3104.0,2742,3104.0,227
02:36:56,ESX-FUTURE,3104.0,1808,3104.0,1161
02:36:56,ESX-FUTURE,3104.0,257,3105.0,2712
02:36:56,ESX-FUTURE,3104.0,2952,3104.0,17
02:36:56,SP-FUTURE,3081.0,1346,3081.0,1506
02:36:57,SP-FUTURE,3081.0,1347,3081.0,1505
02:36:57,ESX-FUTURE,3105.0,2485,3105.0,484
02:36:58,ESX-FUTURE,3105.0,2664,3105.0,305
02:36:58,SP-FUTURE,3081.0,1390,3081.0,1462
02:36:58,SP-FUTURE,3081.0,46,3081.0,2806
02:36:58,ESX-FUTURE,3105.0,2631,3105.0,338
02:36:59,ESX-FUTURE,3105.0,2532,3105.0,437
02:37:00,SP-FUTURE,3081.0,15,3081.0,2837
02:37:01,SP-FUTURE,3081.0,2264,3081.0,588
02:37:01,ESX-FUTURE,3105.0,1495,3105.0,1474
02:37:01,SP-FUTURE,3081.0,1060,3081.0,1792
02:37:02,ESX-FUTURE,3105.0,2773,3105.0,196
02:37:02,SP-FUTURE,3081.0,636,3081.0,2216
02:37:03,ESX-FUTURE,3105.0,2879,3105.0,90
02:37:04,SP-FUTURE,3081.0,759,3081.0,2093
02:37:05,ESX-FUTURE,3105.0,1522,3105.0,1447
02:37:05,SP-FUTURE,3081.0,1743,3081.0,1109
02:37:07,ESX-FUTURE,3104.0,1969,3105.0,1000
02:37:07,SP-FUTURE,3081.0,2102,3081.0,750
02:37:07,SP-FUTURE,3079.0,1063,3080.0,1789
02:37:08,ESX-FUTURE,3105.0,2395,3105.0,574
02:37:08,SP-FUTURE,3079.0,1165,3080.0,1687
02:37:09,ESX-FUTURE,3104.0,176,3105.0,2793
02:37:10,SP-FUTURE,3079.0,1326,3080.0,1526
02:37:10,ESX-FUTURE,3104.0,34,3105.0,2935
02:37:10,ESX-FUTURE,3104.0,1505,3104.0,1464
02:37:11,SP-FUTURE,3078.0,2653,3078.0,199
02:37:11,ESX-FUTURE,3104.0,1556,3104.0,1413
02:37:12,ESX-FUTURE,3103.0,1872,3103.0,1097
02:37:12,SP-FUTURE,3077.0,2745,3077.0,107
02:37:13,ESX-FUTURE,3103.0,2012,3103.0,957
02:37:13,SP-FUTURE,3077.0,1495,3077.0,1357
02:37:14,SP-FUTURE,3076.0,934,3076.0,1918
02:37:15,ESX-FUTURE,3103.0,556,3103.0,2413
02:37:15,ESX-FUTURE,3103.0,2476,3103.0,493
02:37:16,SP-FUTURE,3076.0,629,3076.0,2223
02:37:16,SP-FUTURE,3076.0,403,3076.0,2449
02:37:16,SP-FUTURE,3075.0,2097,3076.0,755
02:37:17,SP-FUTURE,3075.0,2012,3076.0,840
02:37:17,ESX-FUTURE,3102.0,2634,3103.0,335
02:37:18,SP-FUTURE,3075.0,2009,3076.0,843
02:37:18,ESX-FUTURE,3102.0,209,3103.0,2760
02:37:19,SP-FUTURE,3075.0,2022,3076.0,830
02:37:19,SP-FUTURE,3075.0,1186,3076.0,1666
02:37:20,ESX-FUTURE,3102.0,301,3103.0,2668
02:37:20,SP-FUTURE,3076.0,558,3076.0,2294
02:37:21,ESX-FUTURE,3102.0,2865,3103.0,104
02:37:21,SP-FUTURE,3076.0,579,3076.0,2273
02:37:22,SP-FUTURE,3076.0,230,3076.0,2622
02:37:22,ESX-FUTURE,3102.0,2785,3103.0,184
02:37:23,ESX-FUTURE,3102.0,2554,3103.0,415
02:37:23,SP-FUTURE,3076.0,2262,3076.0,590
02:37:23,SP-FUTURE,3076.0,1079,3076.0,1773
02:37:24,ESX-FUTURE,3102.0,217,3103.0,2752
02:37:24,SP-FUTURE,3076.0,1297,3076.0,1555
02:37:26,SP-FUTURE,3076.0,1968,3077.0,884
02:37:26,ESX-FUTURE,3102.0,1827,3102.0,1142
02:37:26,SP-FUTURE,3077.0,174,3077.0,2678
02:37:27,ESX-FUTURE,3102.0,1462,3102.0,1507
02:37:27,SP-FUTURE,3077.0,190,3077.0,2662
02:37:28,ESX-FUTURE,3102.0,2281,3102.0,688
02:37:28,SP-FUTURE,3077.0,1711,3077.0,1141
02:37:29,SP-FUTURE,3076.0,1749,3076.0,1103
02:37:29,ESX-FUTURE,3102.0,2356,3102.0,613
02:37:29,SP-FUTURE,3075.0,2838,3075.0,14
02:37:30,ESX-FUTURE,3102.0,2253,3102.0,716
02:37:31,SP-FUTURE,3075.0,1380,3075.0,1472
02:37:32,SP-FUTURE,3074.0,115,3074.0,2737
02:37:32,ESX-FUTURE,3102.0,2254,3102.0,715
02:37:33,SP-FUTURE,3074.0,1448,3074.0,1404
02:37:33,ESX-FUTURE,3101.0,2190,3102.0,779
02:37:34,ESX-FUTURE,3102.0,822,3102.0,2147
02:37:35,ESX-FUTURE,3101.0,2217,3101.0,752
02:37:35,SP-FUTURE,3074.0,1446,3074.0,1406
02:37:35,SP-FUTURE,3074.0,2836,3074.0,16
02:37:36,SP-FUTURE,3074.0,1497,3074.0,1355
02:37:37,ESX-FUTURE,3101.0,1771,3101.0,1198
02:37:37,ESX-FUTURE,3101.0,2501,3102.0,468
02:37:38,SP-FUTURE,3074.0,1770,3074.0,1082
02:37:38,ESX-FUTURE,3101.0,115,3102.0,2854
02:37:39,SP-FUTURE,3074.0,1748,3074.0,1104
02:37:40,ESX-FUTURE,3100.0,1929,3101.0,1040
02:37:40,ESX-FUTURE,3100.0,2061,3101.0,908
02:37:40,SP-FUTURE,3074.0,101,3075.0,2751
02:37:41,SP-FUTURE,3074.0,2283,3075.0,569
02:37:42,ESX-FUTURE,3100.0,1975,3101.0,994
02:37:42,SP-FUTURE,3075.0,78,3075.0,2774
02:37:43,SP-FUTURE,3075.0,107,3075.0,2745
02:37:43,ESX-FUTURE,3100.0,1982,3101.0,987
02:37:43,ESX-FUTURE,3100.0,1980,3101.0,989
02:37:44,SP-FUTURE,3075.0,6,3075.0,2846
02:37:44,ESX-FUTURE,3100.0,2024,3101.0,945
02:37:45,ESX-FUTURE,3100.0,2082,3101.0,887
02:37:45,SP-FUTURE,3075.0,2262,3075.0,590
02:37:45,ESX-FUTURE,3097.0,2378,3098.0,591
02:37:47,SP-FUTURE,3075.0,2600,3075.0,252
02:37:47,ESX-FUTURE,3097.0,1981,3098.0,988
02:37:47,SP-FUTURE,3075.0,174,3075.0,2678
02:37:47,ESX-FUTURE,3097.0,1908,3098.0,1061
02:37:48,SP-FUTURE,3075.0,1898,3075.0,954
02:37:48,ESX-FUTURE,3098.0,2223,3098.0,746
02:37:50,ESX-FUTURE,3098.0,2248,3098.0,721
02:37:50,SP-FUTURE,3075.0,1955,3075.0,897
02:37:51,ESX-FUTURE,3098.0,2830,3098.0,139
02:37:51,ESX-FUTURE,3098.0,521,3098.0,2448
02:37:51,ESX-FUTURE,3097.0,1479,3098.0,1490
02:37:52,SP-FUTURE,3075.0,2634,3075.0,218
02:37:52,ESX-FUTURE,3097.0,1607,3097.0,1362
02:37:53,SP-FUTURE,3075.0,594,3075.0,2258
02:37:53,ESX-FUTURE,3097.0,1457,3098.0,1512
02:37:54,SP-FUTURE,3075.0,599,3075.0,2253
02:37:54,ESX-FUTURE,3098.0,199,3098.0,2770
02:37:55,ESX-FUTURE,3097.0,341,3098.0,2628
02:37:56,SP-FUTURE,3075.0,178,3075.0,2674
02:37:56,SP-FUTURE,3075.0,2810,3075.0,42
02:37:56,ESX-FUTURE,3097.0,19,3098.0,2950
02:37:56,ESX-FUTURE,3097.0,1180,3097.0,1789
02:37:57,SP-FUTURE,3075.0,2712,3075.0,140
02:37:58,SP-FUTURE,3075.0,2517,3075.0,335
02:37:58,ESX-FUTURE,3097.0,1378,3097.0,1591
02:37:58,ESX-FUTURE,3097.0,1698,3097.0,1271
02:37:59,SP-FUTURE,3074.0,1819,3075.0,1033
02:37:59,ESX-FUTURE,3096.0,591,3096.0,2378
02:37:59,ESX-FUTURE,3096.0,654,3096.0,2315
02:38:00,SP-FUTURE,3076.0,2192,3077.0,660
02:38:01,SP-FUTURE,3076.0,2300,3076.0,552
02:38:01,ESX-FUTURE,3096.0,2845,3096.0,124
02:38:02,ESX-FUTURE,3096.0,2822,3096.0,147
02:38:02,SP-FUTURE,3076.0,2273,3076.0,579
02:38:03,SP-FUTURE,3076.0,2324,3076.0,528
02:38:03,ESX-FUTURE,3096.0,11,3097.0,2958
02:38:04,ESX-FUTURE,3096.0,149,3097.0,2820
02:38:04,SP-FUTURE,3076.0,2079,3076.0,773
02:38:04,ESX-FUTURE,3095.0,1756,3096.0,1213
02:38:05,SP-FUTURE,3076.0,2196,3076.0,656
02:38:05,ESX-FUTURE,3095.0,1829,3095.0,1140
02:38:06,SP-FUTURE,3076.0,2197,3076.0,655
02:38:06,ESX-FUTURE,3095.0,2855,3095.0,114
02:38:06,SP-FUTURE,3076.0,2299,3076.0,553
02:38:07,SP-FUTURE,3076.0,2392,3076.0,460
02:38:08,ESX-FUTURE,3095.0,1799,3095.0,1170
02:38:09,ESX-FUTURE,3095.0,1131,3095.0,1838
02:38:09,SP-FUTURE,3076.0,165,3076.0,2687
02:38:11,ESX-FUTURE,3095.0,2063,3095.0,906
02:38:11,SP-FUTURE,3076.0,191,3076.0,2661
02:38:11,ESX-FUTURE,3095.0,2042,3095.0,927
02:38:12,SP-FUTURE,3076.0,418,3076.0,2434
02:38:12,ESX-FUTURE,3095.0,762,3095.0,2207
02:38:13,SP-FUTURE,3076.0,706,3077.0,2146
02:38:14,ESX-FUTURE,3095.0,297,3095.0,2672
02:38:15,SP-FUTURE,3076.0,374,3077.0,2478
02:38:15,ESX-FUTURE,3095.0,1978,3095.0,991
02:38:16,SP-FUTURE,3076.0,1265,3077.0,1587
02:38:17,ESX-FUTURE,3094.0,2277,3094.0,692
02:38:17,SP-FUTURE,3076.0,1453,3077.0,1399
02:38:18,SP-FUTURE,3076.0,2371,3077.0,481
02:38:18,ESX-FUTURE,3094.0,1967,3094.0,1002
02:38:19,SP-FUTURE,3076.0,2437,3077.0,415
02:38:20,ESX-FUTURE,3094.0,468,3095.0,2501
02:38:20,ESX-FUTURE,3094.0,845,3095.0,2124
02:38:20,SP-FUTURE,3076.0,453,3077.0,2399
02:38:21,SP-FUTURE,3076.0,337,3077.0,2515
02:38:22,ESX-FUTURE,3094.0,1008,3095.0,1961
02:38:22,SP-FUTURE,3076.0,321,3077.0,2531
02:38:23,ESX-FUTURE,3095.0,79,3095.0,2890
02:38:24,ESX-FUTURE,3095.0,337,3095.0,2632
02:38:24,SP-FUTURE,3076.0,285,3077.0,2567
02:38:25,SP-FUTURE,3076.0,669,3077.0,2183
02:38:25,ESX-FUTURE,3095.0,2685,3095.0,284
02:38:25,ESX-FUTURE,3095.0,1369,3095.0,1600
02:38:26,SP-FUTURE,3076.0,2657,3077.0,195
02:38:26,ESX-FUTURE,3095.0,17,3095.0,2952
02:38:27,SP-FUTURE,3077.0,211,3077.0,2641
02:38:27,ESX-FUTURE,3096.0,543,3096.0,2426
02:38:28,SP-FUTURE,3077.0,1572,3077.0,1280
02:38:29,ESX-FUTURE,3096.0,2441,3096.0,528
02:38:29,SP-FUTURE,3075.0,483,3075.0,2369
02:38:30,SP-FUTURE,3075.0,450,3075.0,2402
02:38:30,ESX-FUTURE,3096.0,1161,3096.0,1808
02:38:31,SP-FUTURE,3075.0,2789,3075.0,63
02:38:31,ESX-FUTURE,3096.0,1172,3096.0,1797
02:38:32,SP-FUTURE,3075.0,662,3076.0,2190
02:38:32,SP-FUTURE,3075.0,851,3076.0,2001
02:38:33,ESX-FUTURE,3096.0,1587,3096.0,1382
02:38:33,SP-FUTURE,3075.0,2740,3075.0,112
02:38:34,SP-FUTURE,3075.0,515,3076.0,2337
02:38:35,ESX-FUTURE,3096.0,178,3096.0,2791
02:38:35,SP-FUTURE,3075.0,1384,3076.0,1468
02:38:36,ESX-FUTURE,3096.0,1596,3097.0,1373
02:38:37,ESX-FUTURE,3096.0,275,3096.0,2694
02:38:37,SP-FUTURE,3075.0,1477,3076.0,1375
02:38:38,ESX-FUTURE,3096.0,2547,3096.0,422
02:38:38,SP-FUTURE,3076.0,1248,3076.0,1604
02:38:39,ESX-FUTURE,3095.0,2905,3095.0,64
02:38:39,SP-FUTURE,3076.0,587,3076.0,2265
02:38:40,ESX-FUTURE,3095.0,2742,3095.0,227
02:38:41,SP-FUTURE,3076.0,555,3076.0,2297
02:38:41,ESX-FUTURE,3095.0,987,3095.0,1982
02:38:42,SP-FUTURE,3075.0,2538,3076.0,314
02:38:42,ESX-FUTURE,3095.0,2562,3095.0,407
02:38:43,SP-FUTURE,3075.0,2765,3076.0,87
02:38:43,SP-FUTURE,3074.0,2437,3074.0,415
02:38:43,ESX-FUTURE,3095.0,2507,3095.0,462
02:38:44,SP-FUTURE,3074.0,1841,3074.0,1011
02:38:44,ESX-FUTURE,3095.0,2734,3096.0,235
02:38:45,SP-FUTURE,3074.0,2314,3074.0,538
02:38:46,ESX-FUTURE,3096.0,2303,3096.0,666
02:38:47,ESX-FUTURE,3096.0,2684,3096.0,285
02:38:47,SP-FUTURE,3074.0,2846,3074.0,6
02:38:48,ESX-FUTURE,3096.0,2686,3096.0,283
02:38:48,SP-FUTURE,3074.0,1286,3074.0,1566
02:38:50,SP-FUTURE,3074.0,2788,3074.0,64
02:38:51,ESX-FUTURE,3096.0,2709,3096.0,260
02:38:51,SP-FUTURE,3074.0,2277,3074.0,575
02:38:52,ESX-FUTURE,3096.0,340,3096.0,2629
02:38:53,SP-FUTURE,3074.0,2228,3074.0,624
02:38:53,ESX-FUTURE,3096.0,340,3096.0,2629
02:38:54,ESX-FUTURE,3096.0,1357,3096.0,1612
02:38:54,SP-FUTURE,3074.0,974,3074.0,1878
02:38:54,ESX-FUTURE,3096.0,2479,3096.0,490
02:38:55,ESX-FUTURE,3095.0,2284,3096.0,685
02:38:55,SP-FUTURE,3074.0,2451,3074.0,401
02:38:56,ESX-FUTURE,3095.0,883,3096.0,2086
02:38:57,SP-FUTURE,3074.0,2647,3074.0,205
02:38:57,ESX-FUTURE,3095.0,628,3096.0,2341
02:38:58,SP-FUTURE,3074.0,1277,3074.0,1575
02:38:59,ESX-FUTURE,3096.0,2456,3096.0,513
02:38:59,SP-FUTURE,3074.0,452,3074.0,2400
02:39:00,ESX-FUTURE,3096.0,50,3096.0,2919
02:39:00,SP-FUTURE,3074.0,1044,3074.0,1808
02:39:02,SP-FUTURE,3074.0,1274,3074.0,1578
02:39:02,ESX-FUTURE,3096.0,1023,3096.0,1946
02:39:03,SP-FUTURE,3074.0,1560,3074.0,1292
02:39:03,ESX-FUTURE,3097.0,1794,3097.0,1175
02:39:04,ESX-FUTURE,3097.0,34,3097.0,2935
02:39:04,SP-FUTURE,3074.0,1682,3074.0,1170
02:39:05,SP-FUTURE,3074.0,1979,3074.0,873
02:39:05,ESX-FUTURE,3097.0,29,3097.0,2940
02:39:06,SP-FUTURE,3074.0,1973,3074.0,879
02:39:07,ESX-FUTURE,3096.0,149,3097.0,2820
02:39:07,SP-FUTURE,3078.0,1504,3078.0,1348
02:39:08,ESX-FUTURE,3096.0,88,3097.0,2881
02:39:09,SP-FUTURE,3078.0,1328,3078.0,1524
02:39:09,SP-FUTURE,3078.0,2700,3078.0,152
02:39:09,ESX-FUTURE,3096.0,18,3096.0,2951
02:39:10,ESX-FUTURE,3096.0,2831,3096.0,138
02:39:10,SP-FUTURE,3078.0,2717,3078.0,135
02:39:10,ESX-FUTURE,3096.0,2878,3096.0,91
02:39:10,ESX-FUTURE,3096.0,191,3096.0,2778
02:39:11,SP-FUTURE,3079.0,770,3079.0,2082
02:39:11,ESX-FUTURE,3097.0,941,3097.0,2028
02:39:12,SP-FUTURE,3078.0,576,3078.0,2276
02:39:13,ESX-FUTURE,3097.0,1183,3097.0,1786
02:39:13,SP-FUTURE,3078.0,816,3078.0,2036
02:39:14,ESX-FUTURE,3097.0,1395,3097.0,1574
02:39:14,SP-FUTURE,3078.0,877,3078.0,1975
02:39:15,ESX-FUTURE,3097.0,818,3097.0,2151
02:39:15,ESX-FUTURE,3097.0,2958,3097.0,11
02:39:16,SP-FUTURE,3078.0,241,3078.0,2611
02:39:17,ESX-FUTURE,3097.0,1047,3097.0,1922
02:39:17,SP-FUTURE,3078.0,2148,3079.0,704
02:39:18,SP-FUTURE,3079.0,1465,3079.0,1387
02:39:18,ESX-FUTURE,3097.0,884,3097.0,2085
02:39:19,SP-FUTURE,3079.0,400,3079.0,2452
02:39:19,ESX-FUTURE,3097.0,631,3098.0,2338
02:39:20,ESX-FUTURE,3097.0,228,3098.0,2741
02:39:20,SP-FUTURE,3079.0,2,3079.0,2850
02:39:21,ESX-FUTURE,3097.0,228,3098.0,2741
02:39:21,ESX-FUTURE,3097.0,228,3098.0,2741
02:39:21,SP-FUTURE,3078.0,2840,3079.0,12
02:39:22,ESX-FUTURE,3097.0,227,3098.0,2742
02:39:22,ESX-FUTURE,3097.0,190,3098.0,2779
02:39:22,ESX-FUTURE,3097.0,195,3098.0,2774
02:39:22,SP-FUTURE,3078.0,2667,3079.0,185
02:39:23,ESX-FUTURE,3097.0,697,3098.0,2272
02:39:24,SP-FUTURE,3078.0,2608,3079.0,244
02:39:24,ESX-FUTURE,3097.0,755,3098.0,2214
02:39:26,SP-FUTURE,3078.0,1242,3079.0,1610
02:39:26,ESX-FUTURE,3097.0,1188,3098.0,1781
02:39:27,ESX-FUTURE,3099.0,1635,3099.0,1334
02:39:27,SP-FUTURE,3078.0,2025,3078.0,827
02:39:28,ESX-FUTURE,3099.0,930,3099.0,2039
02:39:28,SP-FUTURE,3078.0,49,3078.0,2803
02:39:29,ESX-FUTURE,3099.0,821,3099.0,2148
02:39:30,SP-FUTURE,3078.0,326,3078.0,2526
02:39:30,ESX-FUTURE,3099.0,533,3099.0,2436
02:39:30,SP-FUTURE,3078.0,2,3078.0,2850
02:39:30,ESX-FUTURE,3099.0,533,3099.0,2436
02:39:31,ESX-FUTURE,3099.0,536,3099.0,2433
02:39:32,SP-FUTURE,3077.0,2675,3078.0,177
02:39:32,SP-FUTURE,3078.0,1889,3078.0,963
02:39:33,SP-FUTURE,3078.0,1443,3079.0,1409
02:39:33,ESX-FUTURE,3100.0,652,3100.0,2317
02:39:34,SP-FUTURE,3078.0,1455,3079.0,1397
02:39:34,ESX-FUTURE,3101.0,2966,3101.0,3
02:39:35,ESX-FUTURE,3101.0,1397,3101.0,1572
02:39:36,SP-FUTURE,3078.0,2696,3079.0,156
02:39:36,ESX-FUTURE,3101.0,1545,3101.0,1424
02:39:37,ESX-FUTURE,3101.0,1705,3101.0,1264
02:39:37,SP-FUTURE,3078.0,2183,3078.0,669
02:39:38,SP-FUTURE,3079.0,181,3079.0,2671
02:39:38,ESX-FUTURE,3101.0,2273,3101.0,696
02:39:39,SP-FUTURE,3078.0,220,3078.0,2632
02:39:40,ESX-FUTURE,3101.0,2268,3101.0,701
02:39:40,SP-FUTURE,3078.0,2722,3078.0,130
02:39:40,ESX-FUTURE,3101.0,1918,3101.0,1051
02:39:41,SP-FUTURE,3078.0,2497,3078.0,355
02:39:42,ESX-FUTURE,3101.0,738,3101.0,2231
02:39:43,SP-FUTURE,3077.0,1826,3078.0,1026
02:39:44,SP-FUTURE,3077.0,1309,3078.0,1543
02:39:44,ESX-FUTURE,3101.0,1229,3102.0,1740
02:39:45,ESX-FUTURE,3102.0,2651,3102.0,318
02:39:45,SP-FUTURE,3077.0,1435,3078.0,1417
02:39:46,ESX-FUTURE,3100.0,903,3101.0,2066
02:39:47,SP-FUTURE,3078.0,592,3078.0,2260
02:39:47,ESX-FUTURE,3100.0,1207,3101.0,1762
02:39:48,SP-FUTURE,3078.0,1407,3078.0,1445
02:39:48,ESX-FUTURE,3100.0,1177,3101.0,1792
02:39:48,SP-FUTURE,3078.0,1143,3078.0,1709
02:39:49,ESX-FUTURE,3100.0,2811,3100.0,158
02:39:50,ESX-FUTURE,3100.0,1845,3100.0,1124
02:39:50,SP-FUTURE,3078.0,943,3078.0,1909
02:39:50,ESX-FUTURE,3102.0,2532,3102.0,437
02:39:51,SP-FUTURE,3077.0,1270,3077.0,1582
02:39:52,ESX-FUTURE,3102.0,183,3102.0,2786
02:39:53,SP-FUTURE,3077.0,1221,3077.0,1631
02:39:54,SP-FUTURE,3077.0,1140,3077.0,1712
02:39:54,ESX-FUTURE,3101.0,2667,3102.0,302
02:39:55,SP-FUTURE,3077.0,1674,3077.0,1178
02:39:55,ESX-FUTURE,3101.0,915,3101.0,2054
02:39:56,ESX-FUTURE,3101.0,844,3101.0,2125
02:39:56,SP-FUTURE,3077.0,2103,3077.0,749
02:39:57,ESX-FUTURE,3101.0,1391,3101.0,1578
02:39:58,SP-FUTURE,3077.0,1385,3078.0,1467
02:39:58,ESX-FUTURE,3101.0,826,3101.0,2143
02:40:00,ESX-FUTURE,3101.0,1905,3101.0,1064
02:40:00,SP-FUTURE,3077.0,275,3077.0,2577
02:40:00,ESX-FUTURE,3101.0,1471,3101.0,1498
02:40:01,SP-FUTURE,3076.0,526,3077.0,2326
02:40:01,ESX-FUTURE,3101.0,1055,3101.0,1914
02:40:02,SP-FUTURE,3076.0,2808,3076.0,44
02:40:03,ESX-FUTURE,3101.0,898,3101.0,2071
02:40:04,ESX-FUTURE,3101.0,2846,3101.0,123
02:40:04,SP-FUTURE,3076.0,2833,3076.0,19
02:40:06,SP-FUTURE,3076.0,98,3076.0,2754
02:40:06,ESX-FUTURE,3101.0,2833,3101.0,136
02:40:07,ESX-FUTURE,3101.0,968,3101.0,2001
02:40:07,SP-FUTURE,3076.0,2599,3076.0,253
02:40:08,SP-FUTURE,3076.0,2364,3076.0,488
02:40:08,ESX-FUTURE,3101.0,2011,3101.0,958
02:40:10,ESX-FUTURE,3101.0,1740,3101.0,1229
02:40:11,SP-FUTURE,3076.0,1201,3076.0,1651
02:40:12,ESX-FUTURE,3101.0,2526,3102.0,443
02:40:12,SP-FUTURE,3076.0,1258,3076.0,1594
02:40:12,ESX-FUTURE,3101.0,1492,3101.0,1477
02:40:13,SP-FUTURE,3076.0,714,3076.0,2138
02:40:13,ESX-FUTURE,3101.0,2617,3101.0,352
02:40:14,ESX-FUTURE,3102.0,964,3102.0,2005
02:40:14,SP-FUTURE,3076.0,2493,3076.0,359
02:40:15,SP-FUTURE,3076.0,1045,3076.0,1807
02:40:16,ESX-FUTURE,3103.0,1898,3103.0,1071
02:40:16,SP-FUTURE,3076.0,387,3076.0,2465
02:40:17,SP-FUTURE,3076.0,1040,3077.0,1812
02:40:17,ESX-FUTURE,3103.0,1735,3104.0,1234
02:40:17,ESX-FUTURE,3105.0,18,3106.0,2951
02:40:17,ESX-FUTURE,3105.0,2651,3105.0,318
02:40:17,SP-FUTURE,3076.0,65,3077.0,2787
02:40:18,ESX-FUTURE,3105.0,260,3106.0,2709
02:40:19,ESX-FUTURE,3105.0,245,3106.0,2724
02:40:19,SP-FUTURE,3076.0,44,3077.0,2808
02:40:20,ESX-FUTURE,3105.0,412,3106.0,2557
02:40:21,SP-FUTURE,3076.0,2421,3076.0,431
02:40:21,ESX-FUTURE,3105.0,1324,3106.0,1645
02:40:22,SP-FUTURE,3076.0,1951,3076.0,901
02:40:23,SP-FUTURE,3076.0,1951,3076.0,901
02:40:23,ESX-FUTURE,3105.0,2024,3105.0,945
02:40:24,SP-FUTURE,3076.0,2687,3076.0,165
02:40:24,ESX-FUTURE,3105.0,2087,3105.0,882
02:40:25,SP-FUTURE,3075.0,877,3075.0,1975
02:40:25,ESX-FUTURE,3105.0,2543,3105.0,426
02:40:26,SP-FUTURE,3074.0,1613,3075.0,1239
02:40:26,ESX-FUTURE,3106.0,838,3106.0,2131
02:40:26,SP-FUTURE,3075.0,327,3075.0,2525
02:40:27,ESX-FUTURE,3106.0,273,3106.0,2696
02:40:28,SP-FUTURE,3075.0,694,3075.0,2158
02:40:29,SP-FUTURE,3075.0,344,3076.0,2508
02:40:29,ESX-FUTURE,3109.0,2880,3109.0,89
02:40:30,ESX-FUTURE,3109.0,202,3110.0,2767
02:40:31,ESX-FUTURE,3109.0,687,3110.0,2282
02:40:31,SP-FUTURE,3076.0,1992,3076.0,860
02:40:31,ESX-FUTURE,3110.0,349,3110.0,2620
02:40:32,SP-FUTURE,3076.0,2798,3077.0,54
02:40:33,ESX-FUTURE,3110.0,350,3110.0,2619
02:40:34,SP-FUTURE,3078.0,1067,3078.0,1785
02:40:34,SP-FUTURE,3078.0,1275,3079.0,1577
02:40:35,SP-FUTURE,3079.0,57,3079.0,2795
02:40:36,ESX-FUTURE,3110.0,1012,3110.0,1957
02:40:36,SP-FUTURE,3078.0,371,3079.0,2481
02:40:36,ESX-FUTURE,3110.0,562,3110.0,2407
02:40:37,SP-FUTURE,3078.0,1223,3079.0,1629
02:40:37,ESX-FUTURE,3110.0,566,3110.0,2403
02:40:37,SP-FUTURE,3079.0,1285,3079.0,1567
02:40:38,ESX-FUTURE,3110.0,929,3110.0,2040
02:40:39,SP-FUTURE,3079.0,740,3079.0,2112
02:40:40,SP-FUTURE,3078.0,2373,3079.0,479
02:40:40,ESX-FUTURE,3110.0,1679,3110.0,1290
02:40:41,SP-FUTURE,3078.0,2390,3079.0,462
02:40:41,SP-FUTURE,3079.0,2633,3079.0,219
02:40:42,ESX-FUTURE,3109.0,2259,3109.0,710
02:40:42,SP-FUTURE,3079.0,2714,3079.0,138
02:40:43,ESX-FUTURE,3109.0,1129,3109.0,1840
02:40:44,SP-FUTURE,3079.0,411,3079.0,2441
02:40:44,ESX-FUTURE,3109.0,537,3109.0,2432
02:40:45,SP-FUTURE,3079.0,214,3079.0,2638
02:40:46,ESX-FUTURE,3110.0,81,3110.0,2888
02:40:47,SP-FUTURE,3079.0,201,3079.0,2651
02:40:47,ESX-FUTURE,3112.0,2478,3112.0,491
02:40:48,SP-FUTURE,3079.0,1401,3079.0,1451
02:40:48,SP-FUTURE,3079.0,1450,3079.0,1402
02:40:49,ESX-FUTURE,3112.0,941,3112.0,2028
02:40:49,SP-FUTURE,3079.0,1312,3079.0,1540
02:40:50,ESX-FUTURE,3113.0,708,3113.0,2261
02:40:51,SP-FUTURE,3079.0,18,3079.0,2834
02:40:51,ESX-FUTURE,3113.0,695,3113.0,2274
02:40:52,SP-FUTURE,3079.0,2532,3079.0,320
02:40:52,ESX-FUTURE,3113.0,324,3113.0,2645
02:40:53,ESX-FUTURE,3112.0,1704,3112.0,1265
02:40:53,SP-FUTURE,3079.0,2066,3079.0,786
02:40:54,SP-FUTURE,3079.0,339,3079.0,2513
02:40:54,ESX-FUTURE,3112.0,1924,3112.0,1045
02:40:55,SP-FUTURE,3079.0,2824,3079.0,28
02:40:55,ESX-FUTURE,3112.0,884,3112.0,2085
02:40:56,ESX-FUTURE,3112.0,905,3112.0,2064
02:40:56,ESX-FUTURE,3112.0,909,3112.0,2060
02:40:57,SP-FUTURE,3079.0,220,3079.0,2632
02:40:57,ESX-FUTURE,3112.0,915,3112.0,2054
02:40:57,ESX-FUTURE,3112.0,473,3113.0,2496
02:40:57,SP-FUTURE,3079.0,2840,3079.0,12
02:40:58,SP-FUTURE,3079.0,1801,3079.0,1051
02:40:58,ESX-FUTURE,3112.0,1117,3112.0,1852
02:40:59,ESX-FUTURE,3112.0,968,3112.0,2001
02:40:59,SP-FUTURE,3079.0,2689,3079.0,163
02:41:00,ESX-FUTURE,3112.0,854,3112.0,2115
02:41:01,SP-FUTURE,3079.0,2195,3079.0,657
02:41:01,ESX-FUTURE,3111.0,2408,3112.0,561
02:41:02,SP-FUTURE,3079.0,360,3079.0,2492
02:41:02,SP-FUTURE,3078.0,329,3079.0,2523
02:41:02,ESX-FUTURE,3111.0,1495,3112.0,1474
02:41:03,ESX-FUTURE,3112.0,350,3112.0,2619
02:41:04,SP-FUTURE,3078.0,2824,3078.0,28
02:41:04,ESX-FUTURE,3112.0,253,3112.0,2716
02:41:05,SP-FUTURE,3078.0,2824,3078.0,28
02:41:05,ESX-FUTURE,3112.0,35,3112.0,2934
02:41:05,SP-FUTURE,3078.0,12,3079.0,2840
02:41:06,ESX-FUTURE,3112.0,29,3112.0,2940
02:41:07,SP-FUTURE,3078.0,2850,3078.0,2
02:41:07,SP-FUTURE,3078.0,26,3079.0,2826
02:41:08,ESX-FUTURE,3112.0,18,3112.0,2951
02:41:08,SP-FUTURE,3078.0,191,3079.0,2661
02:41:08,ESX-FUTURE,3111.0,2614,3112.0,355
02:41:09,ESX-FUTURE,3111.0,2556,3112.0,413
02:41:10,ESX-FUTURE,3111.0,2102,3112.0,867
02:41:10,SP-FUTURE,3077.0,1764,3078.0,1088
02:41:10,ESX-FUTURE,3111.0,2712,3112.0,257
02:41:11,SP-FUTURE,3078.0,156,3078.0,2696
02:41:12,ESX-FUTURE,3111.0,2274,3112.0,695
02:41:13,SP-FUTURE,3078.0,1030,3078.0,1822
02:41:13,ESX-FUTURE,3111.0,2295,3112.0,674
02:41:14,SP-FUTURE,3078.0,1250,3078.0,1602
02:41:14,ESX-FUTURE,3113.0,195,3113.0,2774
02:41:15,ESX-FUTURE,3113.0,1775,3113.0,1194
02:41:15,SP-FUTURE,3078.0,2447,3079.0,405
02:41:16,ESX-FUTURE,3113.0,249,3113.0,2720
02:41:17,SP-FUTURE,3079.0,22,3079.0,2830
02:41:17,ESX-FUTURE,3113.0,248,3113.0,2721
02:41:18,ESX-FUTURE,3113.0,241,3113.0,2728
02:41:18,ESX-FUTURE,3113.0,240,3113.0,2729
02:41:18,SP-FUTURE,3078.0,2113,3079.0,739
02:41:18,SP-FUTURE,3078.0,1014,3079.0,1838
02:41:19,ESX-FUTURE,3113.0,1990,3114.0,979
02:41:19,SP-FUTURE,3078.0,1097,3079.0,1755
02:41:21,ESX-FUTURE,3114.0,651,3114.0,2318
02:41:22,SP-FUTURE,3078.0,1281,3079.0,1571
02:41:22,ESX-FUTURE,3113.0,1360,3114.0,1609
02:41:23,SP-FUTURE,3078.0,864,3078.0,1988
02:41:23,ESX-FUTURE,3113.0,1341,3114.0,1628
02:41:23,ESX-FUTURE,3113.0,1340,3114.0,1629
02:41:25,ESX-FUTURE,3114.0,1044,3114.0,1925
02:41:25,SP-FUTURE,3078.0,461,3079.0,2391
02:41:26,SP-FUTURE,3079.0,1607,3079.0,1245
02:41:26,ESX-FUTURE,3113.0,2966,3113.0,3
02:41:27,SP-FUTURE,3079.0,1590,3079.0,1262
02:41:27,ESX-FUTURE,3111.0,2914,3111.0,55
02:41:28,ESX-FUTURE,3111.0,2295,3111.0,674
02:41:29,SP-FUTURE,3079.0,2617,3079.0,235
02:41:29,SP-FUTURE,3079.0,2215,3079.0,637
02:41:29,ESX-FUTURE,3111.0,2294,3111.0,675
02:41:30,SP-FUTURE,3079.0,2501,3079.0,351
02:41:31,ESX-FUTURE,3107.0,2827,3108.0,142
02:41:31,SP-FUTURE,3079.0,1249,3079.0,1603
02:41:31,SP-FUTURE,3079.0,1253,3079.0,1599
02:41:32,SP-FUTURE,3079.0,1364,3079.0,1488
02:41:32,SP-FUTURE,3079.0,1481,3079.0,1371
02:41:32,SP-FUTURE,3079.0,764,3079.0,2088
02:41:33,ESX-FUTURE,3107.0,2777,3108.0,192
02:41:33,ESX-FUTURE,3107.0,1919,3108.0,1050
02:41:34,SP-FUTURE,3077.0,200,3077.0,2652
02:41:35,ESX-FUTURE,3109.0,362,3109.0,2607
02:41:35,SP-FUTURE,3077.0,970,3077.0,1882
02:41:35,SP-FUTURE,3077.0,972,3077.0,1880
02:41:36,SP-FUTURE,3077.0,809,3077.0,2043
02:41:36,ESX-FUTURE,3109.0,256,3109.0,2713
02:41:37,SP-FUTURE,3077.0,1466,3077.0,1386
02:41:37,ESX-FUTURE,3109.0,194,3109.0,2775
02:41:38,ESX-FUTURE,3109.0,2071,3109.0,898
02:41:38,ESX-FUTURE,3109.0,1484,3109.0,1485
02:41:38,SP-FUTURE,3077.0,1205,3077.0,1647
02:41:39,ESX-FUTURE,3109.0,2577,3110.0,392
02:41:39,ESX-FUTURE,3109.0,2509,3110.0,460
02:41:39,ESX-FUTURE,3109.0,1333,3110.0,1636
02:41:40,SP-FUTURE,3078.0,144,3078.0,2708
02:41:40,ESX-FUTURE,3109.0,1824,3110.0,1145
02:41:41,SP-FUTURE,3078.0,194,3078.0,2658
02:41:42,ESX-FUTURE,3109.0,1211,3110.0,1758
02:41:43,ESX-FUTURE,3109.0,1401,3110.0,1568
02:41:43,SP-FUTURE,3078.0,131,3078.0,2721
02:41:43,ESX-FUTURE,3109.0,1139,3110.0,1830
02:41:44,ESX-FUTURE,3109.0,2245,3110.0,724
02:41:44,SP-FUTURE,3078.0,1933,3078.0,919
02:41:45,SP-FUTURE,3078.0,1932,3078.0,920
02:41:46,ESX-FUTURE,3109.0,2261,3110.0,708
02:41:46,ESX-FUTURE,3110.0,2521,3110.0,448
02:41:46,SP-FUTURE,3078.0,1950,3078.0,902
02:41:46,SP-FUTURE,3077.0,2838,3078.0,14
02:41:48,ESX-FUTURE,3110.0,2522,3110.0,447
02:41:48,SP-FUTURE,3078.0,1840,3078.0,1012
02:41:49,SP-FUTURE,3078.0,1849,3078.0,1003
02:41:49,ESX-FUTURE,3110.0,2154,3110.0,815
02:41:50,ESX-FUTURE,3110.0,25,3110.0,2944
02:41:50,SP-FUTURE,3078.0,1820,3078.0,1032
02:41:51,ESX-FUTURE,3110.0,1916,3110.0,1053
02:41:52,SP-FUTURE,3078.0,1938,3078.0,914
02:41:52,ESX-FUTURE,3110.0,1879,3110.0,1090
02:41:53,SP-FUTURE,3077.0,642,3077.0,2210
02:41:53,ESX-FUTURE,3113.0,377,3113.0,2592
02:41:54,SP-FUTURE,3077.0,347,3077.0,2505
02:41:55,ESX-FUTURE,3113.0,292,3113.0,2677
02:41:55,SP-FUTURE,3076.0,2408,3077.0,444
02:41:55,ESX-FUTURE,3113.0,877,3113.0,2092
02:41:56,SP-FUTURE,3077.0,2756,3077.0,96
02:41:57,ESX-FUTURE,3113.0,847,3113.0,2122
02:41:57,SP-FUTURE,3077.0,2559,3077.0,293
02:41:58,ESX-FUTURE,3113.0,789,3113.0,2180
02:41:58,SP-FUTURE,3077.0,958,3077.0,1894
02:41:59,ESX-FUTURE,3113.0,2789,3113.0,180
02:41:59,SP-FUTURE,3077.0,990,3077.0,1862
02:42:00,ESX-FUTURE,3113.0,506,3113.0,2463
02:42:00,SP-FUTURE,3077.0,387,3077.0,2465
02:42:00,SP-FUTURE,3076.0,919,3077.0,1933
02:42:02,ESX-FUTURE,3113.0,1829,3113.0,1140
02:42:02,ESX-FUTURE,3113.0,1629,3113.0,1340
02:42:02,SP-FUTURE,3076.0,799,3077.0,2053
02:42:02,SP-FUTURE,3076.0,1561,3077.0,1291
02:42:03,ESX-FUTURE,3113.0,1687,3114.0,1282
02:42:04,ESX-FUTURE,3114.0,721,3114.0,2248
02:42:04,SP-FUTURE,3076.0,1126,3077.0,1726
02:42:05,SP-FUTURE,3077.0,449,3077.0,2403
02:42:06,ESX-FUTURE,3114.0,529,3114.0,2440
02:42:07,ESX-FUTURE,3114.0,192,3114.0,2777
02:42:07,SP-FUTURE,3077.0,2464,3077.0,388
02:42:08,SP-FUTURE,3077.0,510,3077.0,2342
02:42:08,ESX-FUTURE,3114.0,888,3114.0,2081
02:42:09,SP-FUTURE,3078.0,358,3078.0,2494
02:42:09,ESX-FUTURE,3114.0,97,3114.0,2872
02:42:10,ESX-FUTURE,3114.0,50,3114.0,2919
02:42:10,SP-FUTURE,3078.0,349,3078.0,2503
02:42:11,SP-FUTURE,3078.0,307,3078.0,2545
02:42:11,ESX-FUTURE,3114.0,1779,3114.0,1190
02:42:12,ESX-FUTURE,3117.0,2318,3118.0,651
02:42:13,SP-FUTURE,3078.0,1474,3079.0,1378
02:42:13,ESX-FUTURE,3118.0,390,3118.0,2579
02:42:14,ESX-FUTURE,3118.0,877,3118.0,2092
02:42:14,SP-FUTURE,3078.0,643,3079.0,2209
02:42:15,ESX-FUTURE,3118.0,2148,3118.0,821
02:42:15,SP-FUTURE,3078.0,2416,3078.0,436
02:42:16,SP-FUTURE,3078.0,570,3078.0,2282
02:42:17,ESX-FUTURE,3118.0,948,3118.0,2021
02:42:17,SP-FUTURE,3078.0,457,3078.0,2395
02:42:17,SP-FUTURE,3078.0,1803,3078.0,1049
02:42:18,ESX-FUTURE,3117.0,2530,3118.0,439
02:42:19,SP-FUTURE,3078.0,1630,3078.0,1222
02:42:20,ESX-FUTURE,3117.0,2192,3118.0,777
02:42:20,SP-FUTURE,3078.0,1438,3078.0,1414
02:42:21,ESX-FUTURE,3117.0,2263,3118.0,706
02:42:22,ESX-FUTURE,3117.0,2320,3118.0,649
02:42:22,SP-FUTURE,3078.0,2204,3078.0,648
02:42:23,SP-FUTURE,3078.0,2089,3078.0,763
02:42:24,ESX-FUTURE,3117.0,2718,3118.0,251
02:42:24,SP-FUTURE,3078.0,2101,3078.0,751
02:42:25,SP-FUTURE,3078.0,2412,3078.0,440
02:42:25,ESX-FUTURE,3117.0,2713,3118.0,256
02:42:26,ESX-FUTURE,3117.0,2717,3118.0,252
02:42:26,ESX-FUTURE,3118.0,1237,3118.0,1732
02:42:26,SP-FUTURE,3078.0,1733,3078.0,1119
02:42:27,ESX-FUTURE,3118.0,2126,3118.0,843
02:42:27,SP-FUTURE,3078.0,1430,3078.0,1422
02:42:27,ESX-FUTURE,3118.0,184,3118.0,2785
02:42:28,SP-FUTURE,3078.0,1403,3078.0,1449
02:42:28,SP-FUTURE,3078.0,1409,3078.0,1443
02:42:29,SP-FUTURE,3078.0,1204,3078.0,1648
02:42:29,ESX-FUTURE,3118.0,1321,3118.0,1648
02:42:30,SP-FUTURE,3078.0,996,3078.0,1856
02:42:30,SP-FUTURE,3078.0,2569,3078.0,283
02:42:31,ESX-FUTURE,3118.0,1532,3118.0,1437
02:42:32,ESX-FUTURE,3118.0,1528,3118.0,1441
02:42:32,SP-FUTURE,3078.0,2281,3078.0,571
02:42:33,SP-FUTURE,3078.0,2290,3078.0,562
02:42:33,ESX-FUTURE,3117.0,1494,3117.0,1475
02:42:33,SP-FUTURE,3079.0,2663,3079.0,189
02:42:35,ESX-FUTURE,3117.0,1995,3117.0,974
02:42:35,SP-FUTURE,3079.0,843,3079.0,2009
02:42:35,ESX-FUTURE,3117.0,2805,3118.0,164
02:42:36,SP-FUTURE,3079.0,867,3079.0,1985
02:42:37,ESX-FUTURE,3117.0,2245,3118.0,724
02:42:37,SP-FUTURE,3078.0,549,3078.0,2303
02:42:38,ESX-FUTURE,3118.0,1859,3118.0,1110
02:42:39,SP-FUTURE,3078.0,1249,3078.0,1603
02:42:40,ESX-FUTURE,3118.0,2866,3118.0,103
02:42:41,SP-FUTURE,3078.0,1355,3078.0,1497
02:42:41,ESX-FUTURE,3118.0,2701,3118.0,268
02:42:42,SP-FUTURE,3078.0,2488,3078.0,364
02:42:42,SP-FUTURE,3078.0,381,3078.0,2471
02:42:42,ESX-FUTURE,3118.0,2628,3118.0,341
02:42:43,SP-FUTURE,3078.0,351,3078.0,2501
02:42:43,SP-FUTURE,3078.0,534,3078.0,2318
02:42:44,ESX-FUTURE,3121.0,678,3121.0,2291
02:42:44,SP-FUTURE,3078.0,307,3078.0,2545
02:42:45,ESX-FUTURE,3121.0,155,3122.0,2814
02:42:45,SP-FUTURE,3078.0,127,3078.0,2725
02:42:46,ESX-FUTURE,3121.0,49,3122.0,2920
02:42:46,SP-FUTURE,3078.0,27,3078.0,2825
02:42:46,ESX-FUTURE,3121.0,2051,3122.0,918
02:42:48,SP-FUTURE,3078.0,36,3078.0,2816
02:42:48,ESX-FUTURE,3121.0,2050,3122.0,919
02:42:49,ESX-FUTURE,3121.0,2049,3122.0,920
02:42:49,SP-FUTURE,3078.0,534,3078.0,2318
02:42:50,ESX-FUTURE,3122.0,2027,3122.0,942
02:42:50,SP-FUTURE,3078.0,320,3078.0,2532
02:42:51,SP-FUTURE,3078.0,1005,3078.0,1847
02:42:52,ESX-FUTURE,3122.0,2185,3122.0,784
02:42:52,SP-FUTURE,3078.0,119,3078.0,2733
02:42:52,SP-FUTURE,3075.0,527,3076.0,2325
02:42:53,ESX-FUTURE,3121.0,1185,3122.0,1784
02:42:53,ESX-FUTURE,3122.0,2360,3122.0,609
02:42:53,ESX-FUTURE,3122.0,2163,3122.0,806
02:42:54,SP-FUTURE,3075.0,678,3076.0,2174
02:42:54,SP-FUTURE,3075.0,1080,3076.0,1772
02:42:55,ESX-FUTURE,3122.0,2575,3122.0,394
02:42:55,SP-FUTURE,3075.0,1116,3076.0,1736
02:42:56,SP-FUTURE,3075.0,1140,3076.0,1712
02:42:56,ESX-FUTURE,3123.0,964,3123.0,2005
02:42:57,SP-FUTURE,3075.0,1946,3076.0,906
02:42:57,ESX-FUTURE,3123.0,1461,3123.0,1508
02:42:58,ESX-FUTURE,3123.0,1746,3123.0,1223
02:42:58,SP-FUTURE,3075.0,952,3076.0,1900
02:42:58,ESX-FUTURE,3123.0,1655,3123.0,1314
02:42:58,ESX-FUTURE,3123.0,1797,3123.0,1172
02:42:59,SP-FUTURE,3076.0,746,3076.0,2106
02:43:00,ESX-FUTURE,3123.0,919,3123.0,2050
02:43:00,SP-FUTURE,3076.0,453,3076.0,2399
02:43:00,ESX-FUTURE,3123.0,2704,3123.0,265
02:43:01,ESX-FUTURE,3123.0,2391,3123.0,578
02:43:01,SP-FUTURE,3075.0,955,3076.0,1897
02:43:02,ESX-FUTURE,3123.0,912,3123.0,2057
02:43:03,ESX-FUTURE,3123.0,2285,3123.0,684
02:43:03,SP-FUTURE,3075.0,1075,3076.0,1777
02:43:04,SP-FUTURE,3075.0,285,3076.0,2567
02:43:04,ESX-FUTURE,3123.0,2286,3123.0,683
02:43:04,SP-FUTURE,3074.0,2437,3075.0,415
02:43:05,SP-FUTURE,3073.0,2632,3074.0,220
02:43:05,SP-FUTURE,3074.0,727,3074.0,2125
02:43:05,SP-FUTURE,3074.0,1329,3074.0,1523
02:43:06,ESX-FUTURE,3122.0,47,3123.0,2922
02:43:06,SP-FUTURE,3074.0,1344,3074.0,1508
02:43:06,ESX-FUTURE,3122.0,1965,3122.0,1004
02:43:07,SP-FUTURE,3071.0,2124,3072.0,728
02:43:07,ESX-FUTURE,3122.0,922,3122.0,2047
02:43:08,SP-FUTURE,3072.0,2811,3072.0,41
02:43:08,SP-FUTURE,3072.0,1195,3072.0,1657
02:43:09,ESX-FUTURE,3122.0,1362,3122.0,1607
02:43:09,SP-FUTURE,3072.0,1168,3072.0,1684
02:43:10,SP-FUTURE,3072.0,739,3072.0,2113
02:43:10,ESX-FUTURE,3122.0,1165,3122.0,1804
02:43:11,SP-FUTURE,3072.0,2126,3072.0,726
02:43:11,SP-FUTURE,3072.0,524,3072.0,2328
02:43:12,ESX-FUTURE,3122.0,1125,3122.0,1844
02:43:12,ESX-FUTURE,3122.0,287,3122.0,2682
02:43:13,ESX-FUTURE,3122.0,2669,3122.0,300
02:43:13,ESX-FUTURE,3122.0,471,3122.0,2498
02:43:13,SP-FUTURE,3072.0,288,3072.0,2564
02:43:14,SP-FUTURE,3072.0,866,3072.0,1986
02:43:15,ESX-FUTURE,3122.0,1006,3122.0,1963
02:43:15,SP-FUTURE,3072.0,713,3072.0,2139
02:43:16,ESX-FUTURE,3122.0,376,3123.0,2593
02:43:16,ESX-FUTURE,3122.0,11,3123.0,2958
02:43:16,SP-FUTURE,3072.0,723,3072.0,2129
02:43:17,ESX-FUTURE,3122.0,825,3122.0,2144
02:43:18,SP-FUTURE,3072.0,586,3072.0,2266
02:43:19,ESX-FUTURE,3122.0,1558,3122.0,1411
02:43:19,SP-FUTURE,3072.0,189,3072.0,2663
02:43:19,ESX-FUTURE,3122.0,2031,3122.0,938
02:43:20,SP-FUTURE,3072.0,579,3072.0,2273
02:43:21,SP-FUTURE,3072.0,762,3072.0,2090
02:43:21,ESX-FUTURE,3122.0,843,3123.0,2126
02:43:23,ESX-FUTURE,3122.0,1275,3123.0,1694
02:43:23,SP-FUTURE,3072.0,1362,3072.0,1490
02:43:24,ESX-FUTURE,3122.0,1314,3123.0,1655
02:43:24,SP-FUTURE,3072.0,2570,3072.0,282
02:43:24,ESX-FUTURE,3122.0,1314,3123.0,1655
02:43:25,SP-FUTURE,3073.0,2120,3073.0,732
02:43:26,ESX-FUTURE,3122.0,2507,3123.0,462
02:43:26,SP-FUTURE,3073.0,2129,3073.0,723
02:43:26,ESX-FUTURE,3122.0,1232,3123.0,1737
02:43:27,ESX-FUTURE,3123.0,81,3123.0,2888
02:43:27,SP-FUTURE,3073.0,2574,3073.0,278
02:43:28,ESX-FUTURE,3122.0,1796,3123.0,1173
02:43:29,SP-FUTURE,3073.0,293,3073.0,2559
02:43:29,SP-FUTURE,3073.0,2491,3073.0,361
02:43:30,ESX-FUTURE,3122.0,1804,3123.0,1165
02:43:30,SP-FUTURE,3073.0,160,3074.0,2692
02:43:31,SP-FUTURE,3073.0,315,3074.0,2537
02:43:31,ESX-FUTURE,3122.0,1951,3123.0,1018
02:43:32,ESX-FUTURE,3122.0,1413,3123.0,1556
02:43:32,SP-FUTURE,3073.0,244,3073.0,2608
02:43:33,ESX-FUTURE,3122.0,1409,3123.0,1560
02:43:33,SP-FUTURE,3072.0,2374,3073.0,478
02:43:34,ESX-FUTURE,3122.0,1356,3123.0,1613
02:43:34,SP-FUTURE,3072.0,1801,3072.0,1051
02:43:36,SP-FUTURE,3071.0,1421,3071.0,1431
02:43:36,ESX-FUTURE,3122.0,1206,3122.0,1763
02:43:37,SP-FUTURE,3071.0,2407,3071.0,445
02:43:37,ESX-FUTURE,3121.0,1917,3122.0,1052
02:43:38,SP-FUTURE,3070.0,2219,3070.0,633
02:43:38,ESX-FUTURE,3122.0,234,3122.0,2735
02:43:39,ESX-FUTURE,3121.0,2266,3122.0,703
02:43:39,SP-FUTURE,3069.0,2513,3070.0,339
02:43:40,ESX-FUTURE,3121.0,1959,3122.0,1010
02:43:40,SP-FUTURE,3069.0,339,3070.0,2513
02:43:41,ESX-FUTURE,3121.0,1954,3122.0,1015
02:43:41,ESX-FUTURE,3121.0,2121,3122.0,848
02:43:41,SP-FUTURE,3069.0,287,3070.0,2565
02:43:41,SP-FUTURE,3069.0,547,3070.0,2305
02:43:42,SP-FUTURE,3069.0,1722,3070.0,1130
02:43:43,ESX-FUTURE,3121.0,2066,3122.0,903
02:43:43,SP-FUTURE,3069.0,1618,3070.0,1234
02:43:44,SP-FUTURE,3069.0,333,3069.0,2519
02:43:44,ESX-FUTURE,3122.0,68,3122.0,2901
02:43:45,ESX-FUTURE,3121.0,1047,3122.0,1922
02:43:46,SP-FUTURE,3069.0,2018,3069.0,834
02:43:46,ESX-FUTURE,3122.0,1872,3122.0,1097
02:43:46,SP-FUTURE,3069.0,2486,3070.0,366
02:43:47,SP-FUTURE,3070.0,2613,3070.0,239
02:43:47,ESX-FUTURE,3122.0,1854,3122.0,1115
02:43:48,SP-FUTURE,3070.0,2804,3070.0,48
02:43:49,ESX-FUTURE,3122.0,937,3122.0,2032
02:43:49,ESX-FUTURE,3122.0,788,3122.0,2181
02:43:50,ESX-FUTURE,3122.0,818,3122.0,2151
02:43:50,SP-FUTURE,3071.0,2157,3071.0,695
02:43:52,SP-FUTURE,3071.0,1844,3071.0,1008
02:43:52,ESX-FUTURE,3119.0,1519,3120.0,1450
02:43:52,ESX-FUTURE,3119.0,2590,3119.0,379
02:43:53,SP-FUTURE,3071.0,2411,3071.0,441
02:43:54,ESX-FUTURE,3119.0,2659,3119.0,310
02:43:54,SP-FUTURE,3071.0,2423,3071.0,429
02:43:55,SP-FUTURE,3071.0,364,3071.0,2488
02:43:56,ESX-FUTURE,3120.0,1826,3120.0,1143
02:43:56,SP-FUTURE,3071.0,260,3071.0,2592
02:43:56,ESX-FUTURE,3120.0,1585,3120.0,1384
02:43:58,SP-FUTURE,3072.0,2524,3072.0,328
02:43:58,ESX-FUTURE,3120.0,992,3120.0,1977
02:43:58,ESX-FUTURE,3120.0,1921,3120.0,1048
02:43:59,SP-FUTURE,3073.0,1402,3073.0,1450
02:44:00,ESX-FUTURE,3120.0,2292,3120.0,677
02:44:00,ESX-FUTURE,3120.0,873,3120.0,2096
02:44:00,SP-FUTURE,3073.0,885,3073.0,1967
02:44:01,ESX-FUTURE,3120.0,983,3120.0,1986
02:44:01,SP-FUTURE,3073.0,1394,3073.0,1458
02:44:02,ESX-FUTURE,3120.0,2483,3120.0,486
02:44:02,SP-FUTURE,3073.0,2797,3073.0,55
02:44:03,ESX-FUTURE,3120.0,1863,3120.0,1106
02:44:04,SP-FUTURE,3073.0,1461,3073.0,1391
02:44:04,ESX-FUTURE,3120.0,2720,3120.0,249
02:44:04,SP-FUTURE,3073.0,1711,3073.0,1141
02:44:05,SP-FUTURE,3072.0,1681,3072.0,1171
02:44:05,ESX-FUTURE,3120.0,2058,3120.0,911
02:44:06,ESX-FUTURE,3120.0,1151,3120.0,1818
02:44:07,SP-FUTURE,3072.0,2378,3072.0,474
02:44:07,SP-FUTURE,3072.0,1904,3072.0,948
02:44:07,ESX-FUTURE,3119.0,2703,3119.0,266
02:44:08,ESX-FUTURE,3119.0,860,3119.0,2109
02:44:09,SP-FUTURE,3072.0,24,3072.0,2828
02:44:09,SP-FUTURE,3072.0,488,3072.0,2364
02:44:10,ESX-FUTURE,3120.0,59,3121.0,2910
02:44:10,SP-FUTURE,3072.0,655,3072.0,2197
02:44:10,ESX-FUTURE,3120.0,2436,3120.0,533
02:44:11,SP-FUTURE,3071.0,794,3071.0,2058
02:44:11,ESX-FUTURE,3120.0,272,3120.0,2697
02:44:12,ESX-FUTURE,3120.0,2924,3120.0,45
02:44:12,SP-FUTURE,3071.0,769,3071.0,2083
02:44:12,ESX-FUTURE,3120.0,2599,3120.0,370
02:44:13,ESX-FUTURE,3120.0,2576,3120.0,393
02:44:13,SP-FUTURE,3071.0,274,3071.0,2578
02:44:13,SP-FUTURE,3071.0,283,3071.0,2569
02:44:14,SP-FUTURE,3071.0,387,3071.0,2465
02:44:14,ESX-FUTURE,3120.0,2580,3120.0,389
02:44:15,SP-FUTURE,3071.0,157,3071.0,2695
02:44:16,ESX-FUTURE,3120.0,2297,3120.0,672
02:44:17,SP-FUTURE,3071.0,311,3071.0,2541
02:44:18,ESX-FUTURE,3121.0,1900,3121.0,1069
02:44:18,ESX-FUTURE,3121.0,1991,3121.0,978
02:44:18,SP-FUTURE,3071.0,1470,3071.0,1382
02:44:18,ESX-FUTURE,3122.0,2762,3122.0,207
02:44:19,SP-FUTURE,3071.0,1511,3071.0,1341
