Timestamp,Instrument,Bid Price,Bid Volume,Ask Price,Ask Volume,TODO
11:43:52,ESX-FUTURE,3401.0,1345,3402.0,1994,NOTHING
11:43:53,ESX-FUTURE,3401.0,1406,3402.0,1933,NOTHING
11:43:53,ESX-FUTURE,3401.0,3214,3401.0,125,NOTHING
11:43:55,ESX-FUTURE,3402.0,1178,3402.0,2161,NOTHING
11:43:56,ESX-FUTURE,3402.0,911,3402.0,2428,NOTHING
11:43:57,ESX-FUTURE,3402.0,2401,3402.0,938,NOTHING
11:43:59,ESX-FUTURE,3402.0,3092,3402.0,247,NOTHING
11:44:00,ESX-FUTURE,3402.0,2962,3402.0,377,NOTHING
11:44:01,ESX-FUTURE,3402.0,1224,3402.0,2115,NOTHING
11:44:02,ESX-FUTURE,3402.0,1947,3402.0,1392,NOTHING
11:44:03,ESX-FUTURE,3401.0,2960,3401.0,379,NOTHING
11:44:04,ESX-FUTURE,3402.0,1122,3402.0,2217,NOTHING
11:44:05,ESX-FUTURE,3402.0,832,3402.0,2507,NOTHING
11:44:07,ESX-FUTURE,3402.0,1074,3402.0,2265,NOTHING
11:44:07,ESX-FUTURE,3402.0,1980,3402.0,1359,NOTHING
11:44:09,ESX-FUTURE,3402.0,3338,3402.0,2,NOTHING
11:44:09,ESX-FUTURE,3402.0,2077,3402.0,1263,NOTHING
11:44:11,ESX-FUTURE,3403.0,722,3403.0,2618,NOTHING
11:44:12,ESX-FUTURE,3403.0,687,3403.0,2653,NOTHING
11:44:14,ESX-FUTURE,3403.0,679,3403.0,2661,NOTHING
11:44:15,ESX-FUTURE,3403.0,678,3403.0,2662,NOTHING
11:44:15,ESX-FUTURE,3403.0,681,3403.0,2659,NOTHING
11:44:17,ESX-FUTURE,3403.0,1404,3403.0,1936,NOTHING
11:44:18,ESX-FUTURE,3403.0,2465,3403.0,875,NOTHING
11:44:19,ESX-FUTURE,3403.0,3120,3403.0,220,NOTHING
11:44:19,ESX-FUTURE,3403.0,2230,3403.0,1110,NOTHING
11:44:20,ESX-FUTURE,3403.0,2351,3403.0,989,NOTHING
11:44:20,ESX-FUTURE,3403.0,2104,3403.0,1236,NOTHING
11:44:21,ESX-FUTURE,3403.0,2060,3403.0,1280,NOTHING
11:44:23,ESX-FUTURE,3403.0,2090,3403.0,1250,NOTHING
11:44:24,ESX-FUTURE,3403.0,2114,3403.0,1226,NOTHING
11:44:25,ESX-FUTURE,3403.0,2222,3404.0,1118,NOTHING
11:44:27,ESX-FUTURE,3403.0,2648,3404.0,692,NOTHING
11:44:28,ESX-FUTURE,3403.0,2649,3404.0,691,NOTHING
11:44:29,ESX-FUTURE,3403.0,1964,3404.0,1376,NOTHING
11:44:30,ESX-FUTURE,3403.0,1438,3404.0,1902,NOTHING
11:44:30,ESX-FUTURE,3408.0,1007,3408.0,2333,NOTHING
11:44:31,ESX-FUTURE,3407.0,2444,3408.0,896,NOTHING
11:44:32,ESX-FUTURE,3407.0,2866,3408.0,474,NOTHING
11:44:33,ESX-FUTURE,3408.0,111,3408.0,3229,NOTHING
11:44:34,ESX-FUTURE,3408.0,1903,3408.0,1437,NOTHING
11:44:35,ESX-FUTURE,3408.0,1332,3408.0,2008,NOTHING
11:44:36,ESX-FUTURE,3408.0,1375,3408.0,1965,NOTHING
11:44:37,ESX-FUTURE,3408.0,1049,3408.0,2291,NOTHING
11:44:39,ESX-FUTURE,3409.0,1077,3409.0,2263,NOTHING
11:44:40,ESX-FUTURE,3409.0,1572,3409.0,1768,NOTHING
11:44:40,ESX-FUTURE,3409.0,224,3409.0,3116,NOTHING
11:44:41,ESX-FUTURE,3409.0,194,3409.0,3146,NOTHING
11:44:42,ESX-FUTURE,3409.0,98,3409.0,3242,NOTHING
11:44:43,ESX-FUTURE,3409.0,746,3409.0,2594,NOTHING
11:44:45,ESX-FUTURE,3409.0,859,3409.0,2481,NOTHING
11:44:46,ESX-FUTURE,3408.0,2912,3408.0,428,NOTHING
11:44:46,ESX-FUTURE,3408.0,1284,3409.0,2056,NOTHING
11:44:48,ESX-FUTURE,3408.0,2551,3409.0,789,NOTHING
11:44:49,ESX-FUTURE,3408.0,2172,3409.0,1168,NOTHING
11:44:50,ESX-FUTURE,3408.0,2282,3408.0,1058,NOTHING
11:44:51,ESX-FUTURE,3408.0,561,3409.0,2779,NOTHING
11:44:52,ESX-FUTURE,3408.0,2145,3408.0,1195,NOTHING
11:44:54,ESX-FUTURE,3408.0,1196,3408.0,2144,NOTHING
11:44:55,ESX-FUTURE,3408.0,1007,3408.0,2333,NOTHING
11:44:55,ESX-FUTURE,3408.0,643,3408.0,2697,NOTHING
11:44:56,ESX-FUTURE,3409.0,538,3409.0,2802,NOTHING
11:44:57,ESX-FUTURE,3407.0,3248,3408.0,92,NOTHING
11:44:58,ESX-FUTURE,3407.0,3118,3408.0,222,NOTHING
11:45:00,ESX-FUTURE,3408.0,548,3408.0,2792,NOTHING
11:45:01,ESX-FUTURE,3408.0,1239,3409.0,2101,NOTHING
11:45:02,ESX-FUTURE,3408.0,1917,3408.0,1423,NOTHING
11:45:02,ESX-FUTURE,3408.0,2181,3408.0,1159,NOTHING
11:45:03,ESX-FUTURE,3408.0,2148,3408.0,1192,NOTHING
11:45:04,ESX-FUTURE,3407.0,515,3407.0,2825,NOTHING
11:45:05,ESX-FUTURE,3407.0,354,3407.0,2986,NOTHING
11:45:06,ESX-FUTURE,3407.0,314,3407.0,3026,NOTHING
11:45:07,ESX-FUTURE,3407.0,3075,3407.0,265,NOTHING
11:45:08,ESX-FUTURE,3407.0,264,3407.0,3076,NOTHING
11:45:09,ESX-FUTURE,3407.0,2363,3407.0,977,NOTHING
11:45:11,ESX-FUTURE,3407.0,273,3407.0,3067,NOTHING
11:45:11,ESX-FUTURE,3408.0,174,3408.0,3166,NOTHING
11:45:14,ESX-FUTURE,3407.0,1003,3408.0,2337,NOTHING
11:45:14,ESX-FUTURE,3407.0,1142,3408.0,2198,NOTHING
11:45:15,ESX-FUTURE,3407.0,1490,3408.0,1850,NOTHING
11:45:16,ESX-FUTURE,3408.0,2411,3409.0,929,NOTHING
11:45:17,ESX-FUTURE,3408.0,2382,3409.0,958,NOTHING
11:45:19,ESX-FUTURE,3404.0,3182,3404.0,158,NOTHING
11:45:20,ESX-FUTURE,3404.0,432,3405.0,2908,NOTHING
11:45:20,ESX-FUTURE,3404.0,2280,3404.0,1060,NOTHING
11:45:21,ESX-FUTURE,3404.0,1697,3404.0,1643,NOTHING
11:45:22,ESX-FUTURE,3404.0,751,3405.0,2589,NOTHING
11:45:24,ESX-FUTURE,3405.0,2141,3406.0,1199,NOTHING
11:45:24,ESX-FUTURE,3406.0,755,3406.0,2585,NOTHING
11:45:26,ESX-FUTURE,3405.0,129,3405.0,3211,NOTHING
11:45:28,ESX-FUTURE,3402.0,1147,3403.0,2193,NOTHING
11:45:28,ESX-FUTURE,3405.0,1278,3405.0,2062,NOTHING
11:45:30,ESX-FUTURE,3405.0,1404,3405.0,1936,NOTHING
11:45:30,ESX-FUTURE,3404.0,1492,3405.0,1848,NOTHING
11:45:31,ESX-FUTURE,3404.0,1565,3405.0,1775,NOTHING
11:45:32,ESX-FUTURE,3404.0,1395,3405.0,1945,NOTHING
11:45:33,ESX-FUTURE,3404.0,1427,3405.0,1913,NOTHING
11:45:34,ESX-FUTURE,3404.0,2246,3405.0,1094,NOTHING
11:45:35,ESX-FUTURE,3405.0,1931,3405.0,1409,NOTHING
11:45:36,ESX-FUTURE,3405.0,1578,3405.0,1762,NOTHING
11:45:37,ESX-FUTURE,3404.0,2053,3405.0,1287,NOTHING
11:45:37,ESX-FUTURE,3405.0,3133,3405.0,207,NOTHING
11:45:38,ESX-FUTURE,3405.0,1770,3405.0,1570,NOTHING
11:45:39,ESX-FUTURE,3405.0,3095,3405.0,245,NOTHING
11:45:40,ESX-FUTURE,3405.0,1599,3405.0,1741,NOTHING
11:45:42,ESX-FUTURE,3405.0,1594,3405.0,1746,NOTHING
11:45:42,ESX-FUTURE,3405.0,2331,3405.0,1009,NOTHING
11:45:43,ESX-FUTURE,3405.0,2333,3405.0,1007,NOTHING
11:45:44,ESX-FUTURE,3404.0,716,3405.0,2624,NOTHING
11:45:46,ESX-FUTURE,3404.0,1521,3404.0,1819,NOTHING
11:45:47,ESX-FUTURE,3404.0,3041,3404.0,299,NOTHING
11:45:49,ESX-FUTURE,3404.0,2787,3404.0,553,NOTHING
11:45:50,ESX-FUTURE,3404.0,3201,3404.0,139,NOTHING
11:45:51,ESX-FUTURE,3404.0,2436,3404.0,904,NOTHING
11:45:52,ESX-FUTURE,3404.0,401,3404.0,2939,NOTHING
11:45:52,ESX-FUTURE,3404.0,1802,3404.0,1538,NOTHING
11:45:52,ESX-FUTURE,3405.0,1093,3405.0,2247,NOTHING
11:45:53,ESX-FUTURE,3405.0,1881,3405.0,1459,NOTHING
11:45:53,ESX-FUTURE,3405.0,1750,3405.0,1590,NOTHING
11:45:54,ESX-FUTURE,3405.0,1697,3405.0,1643,NOTHING
11:45:55,ESX-FUTURE,3405.0,3192,3405.0,148,NOTHING
11:45:56,ESX-FUTURE,3405.0,1054,3405.0,2286,NOTHING
11:45:57,ESX-FUTURE,3405.0,591,3405.0,2749,NOTHING
11:45:58,ESX-FUTURE,3405.0,978,3405.0,2362,NOTHING
11:45:58,ESX-FUTURE,3405.0,1048,3405.0,2292,NOTHING
11:45:59,ESX-FUTURE,3405.0,1684,3405.0,1656,NOTHING
11:45:59,ESX-FUTURE,3405.0,2985,3405.0,355,NOTHING
11:45:59,ESX-FUTURE,3405.0,993,3405.0,2347,NOTHING
11:46:00,ESX-FUTURE,3405.0,896,3405.0,2444,NOTHING
11:46:01,ESX-FUTURE,3405.0,818,3405.0,2522,NOTHING
11:46:02,ESX-FUTURE,3405.0,943,3405.0,2397,NOTHING
11:46:02,ESX-FUTURE,3405.0,1703,3405.0,1637,NOTHING
11:46:04,ESX-FUTURE,3405.0,1180,3405.0,2160,NOTHING
11:46:05,ESX-FUTURE,3404.0,2285,3404.0,1055,NOTHING
11:46:05,ESX-FUTURE,3404.0,1825,3404.0,1515,NOTHING
11:46:06,ESX-FUTURE,3405.0,760,3405.0,2580,NOTHING
11:46:06,ESX-FUTURE,3405.0,687,3405.0,2653,NOTHING
11:46:08,ESX-FUTURE,3405.0,2626,3405.0,714,NOTHING
11:46:08,ESX-FUTURE,3405.0,1192,3405.0,2148,NOTHING
11:46:09,ESX-FUTURE,3407.0,2362,3408.0,978,NOTHING
11:46:10,ESX-FUTURE,3407.0,34,3408.0,3306,NOTHING
11:46:11,ESX-FUTURE,3408.0,2308,3408.0,1032,NOTHING
11:46:13,ESX-FUTURE,3408.0,1343,3408.0,1997,NOTHING
11:46:14,ESX-FUTURE,3408.0,92,3408.0,3248,NOTHING
11:46:15,ESX-FUTURE,3407.0,934,3407.0,2406,NOTHING
11:46:16,ESX-FUTURE,3406.0,2753,3407.0,587,NOTHING
11:46:17,ESX-FUTURE,3406.0,1629,3407.0,1711,NOTHING
11:46:18,ESX-FUTURE,3406.0,2844,3407.0,496,NOTHING
11:46:18,ESX-FUTURE,3406.0,1223,3407.0,2117,NOTHING
11:46:19,ESX-FUTURE,3406.0,1088,3407.0,2252,NOTHING
11:46:20,ESX-FUTURE,3406.0,1486,3407.0,1854,NOTHING
11:46:21,ESX-FUTURE,3406.0,1497,3407.0,1843,NOTHING
11:46:23,ESX-FUTURE,3406.0,1484,3407.0,1856,NOTHING
11:46:24,ESX-FUTURE,3406.0,3015,3406.0,325,NOTHING
11:46:24,ESX-FUTURE,3406.0,2900,3406.0,440,NOTHING
11:46:26,ESX-FUTURE,3406.0,3208,3406.0,132,NOTHING
11:46:28,ESX-FUTURE,3405.0,1059,3406.0,2281,NOTHING
11:46:30,ESX-FUTURE,3405.0,1125,3406.0,2215,NOTHING
11:46:31,ESX-FUTURE,3405.0,1170,3406.0,2170,NOTHING
11:46:32,ESX-FUTURE,3405.0,1410,3406.0,1930,NOTHING
11:46:33,ESX-FUTURE,3405.0,2416,3406.0,924,NOTHING
11:46:34,ESX-FUTURE,3405.0,1823,3405.0,1517,NOTHING
11:46:34,ESX-FUTURE,3405.0,1682,3405.0,1658,NOTHING
11:46:35,ESX-FUTURE,3405.0,582,3405.0,2758,NOTHING
11:46:37,ESX-FUTURE,3405.0,966,3406.0,2374,NOTHING
11:46:38,ESX-FUTURE,3405.0,2998,3406.0,342,NOTHING
11:46:39,ESX-FUTURE,3405.0,2771,3406.0,569,NOTHING
11:46:39,ESX-FUTURE,3406.0,1038,3406.0,2302,NOTHING
11:46:40,ESX-FUTURE,3406.0,2328,3406.0,1012,NOTHING
11:46:42,ESX-FUTURE,3405.0,80,3406.0,3260,NOTHING
11:46:43,ESX-FUTURE,3406.0,201,3406.0,3139,NOTHING
11:46:44,ESX-FUTURE,3406.0,1484,3406.0,1856,NOTHING
11:46:45,ESX-FUTURE,3406.0,2554,3407.0,786,NOTHING
11:46:45,ESX-FUTURE,3407.0,262,3407.0,3078,NOTHING
11:46:47,ESX-FUTURE,3407.0,782,3407.0,2558,NOTHING
11:46:47,ESX-FUTURE,3407.0,278,3407.0,3062,NOTHING
11:46:49,ESX-FUTURE,3406.0,2234,3406.0,1106,NOTHING
11:46:50,ESX-FUTURE,3406.0,1254,3407.0,2086,NOTHING
11:46:51,ESX-FUTURE,3406.0,1187,3407.0,2153,NOTHING
11:46:52,ESX-FUTURE,3406.0,1290,3407.0,2050,NOTHING
11:46:54,ESX-FUTURE,3407.0,1494,3407.0,1846,NOTHING
11:46:54,ESX-FUTURE,3407.0,36,3407.0,3304,NOTHING
11:46:55,ESX-FUTURE,3407.0,2565,3407.0,775,NOTHING
11:46:56,ESX-FUTURE,3407.0,2090,3407.0,1250,NOTHING
11:46:57,ESX-FUTURE,3407.0,2357,3407.0,983,NOTHING
11:46:58,ESX-FUTURE,3407.0,2314,3407.0,1026,NOTHING
11:46:59,ESX-FUTURE,3407.0,718,3407.0,2622,NOTHING
11:47:00,ESX-FUTURE,3406.0,1407,3406.0,1933,NOTHING
11:47:00,ESX-FUTURE,3405.0,201,3405.0,3139,NOTHING
11:47:01,ESX-FUTURE,3404.0,1373,3405.0,1967,NOTHING
11:47:02,ESX-FUTURE,3403.0,679,3403.0,2661,NOTHING
11:47:03,ESX-FUTURE,3403.0,1796,3403.0,1544,NOTHING
11:47:04,ESX-FUTURE,3403.0,1888,3403.0,1452,NOTHING
11:47:06,ESX-FUTURE,3404.0,68,3404.0,3272,NOTHING
11:47:06,ESX-FUTURE,3404.0,1412,3405.0,1928,NOTHING
11:47:08,ESX-FUTURE,3404.0,2170,3404.0,1170,NOTHING
11:47:09,ESX-FUTURE,3404.0,1981,3404.0,1359,NOTHING
11:47:10,ESX-FUTURE,3404.0,2085,3404.0,1255,NOTHING
11:47:11,ESX-FUTURE,3404.0,250,3404.0,3090,NOTHING
11:47:13,ESX-FUTURE,3403.0,1244,3403.0,2096,NOTHING
11:47:14,ESX-FUTURE,3403.0,749,3403.0,2591,NOTHING
11:47:15,ESX-FUTURE,3403.0,2491,3403.0,849,NOTHING
11:47:15,ESX-FUTURE,3403.0,1436,3403.0,1904,NOTHING
11:47:16,ESX-FUTURE,3403.0,880,3403.0,2460,NOTHING
11:47:17,ESX-FUTURE,3407.0,744,3408.0,2596,NOTHING
11:47:19,ESX-FUTURE,3405.0,3082,3405.0,258,NOTHING
11:47:19,ESX-FUTURE,3403.0,2080,3403.0,1260,NOTHING
11:47:20,ESX-FUTURE,3403.0,779,3403.0,2561,NOTHING
11:47:20,ESX-FUTURE,3402.0,1224,3402.0,2116,NOTHING
11:47:21,ESX-FUTURE,3401.0,1439,3402.0,1901,NOTHING
11:47:23,ESX-FUTURE,3401.0,1361,3401.0,1979,NOTHING
11:47:23,ESX-FUTURE,3401.0,1358,3401.0,1982,NOTHING
11:47:25,ESX-FUTURE,3401.0,1380,3401.0,1960,NOTHING
11:47:26,ESX-FUTURE,3401.0,1354,3401.0,1986,NOTHING
11:47:27,ESX-FUTURE,3400.0,1359,3401.0,1981,NOTHING
11:47:28,ESX-FUTURE,3401.0,450,3402.0,2890,NOTHING
11:47:29,ESX-FUTURE,3401.0,210,3402.0,3130,NOTHING
11:47:29,ESX-FUTURE,3401.0,3072,3401.0,268,NOTHING
11:47:30,ESX-FUTURE,3400.0,2164,3401.0,1176,NOTHING
11:47:32,ESX-FUTURE,3400.0,2846,3401.0,494,NOTHING
11:47:35,ESX-FUTURE,3400.0,1535,3401.0,1805,NOTHING
11:47:36,ESX-FUTURE,3400.0,3329,3400.0,11,NOTHING
11:47:37,ESX-FUTURE,3400.0,1336,3400.0,2004,NOTHING
11:47:37,ESX-FUTURE,3399.0,3301,3399.0,39,NOTHING
11:47:39,ESX-FUTURE,3399.0,325,3400.0,3015,NOTHING
11:47:40,ESX-FUTURE,3399.0,1204,3400.0,2136,NOTHING
11:47:41,ESX-FUTURE,3397.0,426,3398.0,2914,NOTHING
11:47:42,ESX-FUTURE,3396.0,1833,3396.0,1507,NOTHING
11:47:42,ESX-FUTURE,3396.0,1092,3396.0,2248,NOTHING
11:47:43,ESX-FUTURE,3396.0,1911,3397.0,1429,NOTHING
11:47:44,ESX-FUTURE,3396.0,2134,3397.0,1206,NOTHING
11:47:45,ESX-FUTURE,3396.0,1634,3397.0,1706,NOTHING
11:47:46,ESX-FUTURE,3396.0,2446,3397.0,894,NOTHING
11:47:46,ESX-FUTURE,3396.0,2082,3397.0,1258,NOTHING
11:47:48,ESX-FUTURE,3396.0,1964,3397.0,1376,NOTHING
11:47:49,ESX-FUTURE,3396.0,2036,3396.0,1304,NOTHING
11:47:50,ESX-FUTURE,3396.0,1284,3396.0,2056,NOTHING
11:47:50,ESX-FUTURE,3396.0,1855,3396.0,1485,NOTHING
11:47:51,ESX-FUTURE,3396.0,1855,3396.0,1485,NOTHING
11:47:52,ESX-FUTURE,3396.0,1843,3396.0,1497,NOTHING
11:47:54,ESX-FUTURE,3395.0,396,3395.0,2944,NOTHING
11:47:55,ESX-FUTURE,3394.0,2348,3395.0,992,NOTHING
11:47:56,ESX-FUTURE,3394.0,1848,3395.0,1492,NOTHING
11:47:57,ESX-FUTURE,3394.0,1562,3395.0,1778,NOTHING
11:47:58,ESX-FUTURE,3394.0,1490,3395.0,1850,NOTHING
11:48:00,ESX-FUTURE,3395.0,2839,3395.0,501,NOTHING
11:48:01,ESX-FUTURE,3392.0,2667,3392.0,673,NOTHING
11:48:02,ESX-FUTURE,3392.0,2257,3392.0,1083,NOTHING
11:48:04,ESX-FUTURE,3392.0,2158,3392.0,1182,NOTHING
11:48:05,ESX-FUTURE,3390.0,3092,3390.0,248,NOTHING
11:48:05,ESX-FUTURE,3390.0,2842,3390.0,498,NOTHING
11:48:06,ESX-FUTURE,3391.0,852,3391.0,2488,NOTHING
11:48:08,ESX-FUTURE,3390.0,3190,3391.0,150,NOTHING
11:48:09,ESX-FUTURE,3390.0,2523,3391.0,817,NOTHING
11:48:09,ESX-FUTURE,3390.0,2965,3391.0,375,NOTHING
11:48:10,ESX-FUTURE,3390.0,2778,3391.0,562,NOTHING
11:48:11,ESX-FUTURE,3392.0,22,3392.0,3318,NOTHING
11:48:12,ESX-FUTURE,3391.0,3065,3391.0,275,NOTHING
11:48:13,ESX-FUTURE,3389.0,1867,3389.0,1473,NOTHING
11:48:14,ESX-FUTURE,3389.0,1344,3389.0,1996,NOTHING
11:48:15,ESX-FUTURE,3389.0,2350,3389.0,990,NOTHING
11:48:16,ESX-FUTURE,3389.0,1988,3390.0,1352,NOTHING
11:48:18,ESX-FUTURE,3389.0,2286,3389.0,1054,NOTHING
11:48:19,ESX-FUTURE,3389.0,2473,3389.0,867,NOTHING
11:48:20,ESX-FUTURE,3389.0,2438,3389.0,902,NOTHING
11:48:21,ESX-FUTURE,3389.0,586,3389.0,2754,NOTHING
11:48:22,ESX-FUTURE,3389.0,3211,3389.0,129,NOTHING
11:48:24,ESX-FUTURE,3389.0,1700,3389.0,1640,NOTHING
11:48:25,ESX-FUTURE,3389.0,1621,3389.0,1719,NOTHING
11:48:27,ESX-FUTURE,3389.0,658,3389.0,2682,NOTHING
11:48:28,ESX-FUTURE,3389.0,772,3389.0,2568,NOTHING
11:48:28,ESX-FUTURE,3389.0,2456,3389.0,884,NOTHING
11:48:29,ESX-FUTURE,3389.0,2763,3389.0,577,NOTHING
11:48:30,ESX-FUTURE,3389.0,2229,3389.0,1111,NOTHING
11:48:31,ESX-FUTURE,3389.0,2349,3389.0,991,NOTHING
11:48:31,ESX-FUTURE,3389.0,2333,3389.0,1007,NOTHING
11:48:32,ESX-FUTURE,3389.0,399,3390.0,2941,NOTHING
11:48:34,ESX-FUTURE,3389.0,2876,3389.0,464,NOTHING
11:48:35,ESX-FUTURE,3389.0,620,3389.0,2720,NOTHING
11:48:35,ESX-FUTURE,3388.0,2936,3389.0,404,NOTHING
11:48:36,ESX-FUTURE,3384.0,2609,3384.0,731,NOTHING
11:48:38,ESX-FUTURE,3384.0,2529,3384.0,811,NOTHING
11:48:38,ESX-FUTURE,3385.0,787,3386.0,2553,NOTHING
11:48:39,ESX-FUTURE,3385.0,1777,3385.0,1563,NOTHING
11:48:41,ESX-FUTURE,3384.0,2299,3385.0,1041,NOTHING
11:48:42,ESX-FUTURE,3385.0,82,3385.0,3258,NOTHING
11:48:43,ESX-FUTURE,3384.0,2579,3385.0,761,NOTHING
11:48:44,ESX-FUTURE,3383.0,984,3384.0,2356,NOTHING
11:48:45,ESX-FUTURE,3383.0,956,3384.0,2384,NOTHING
11:48:46,ESX-FUTURE,3384.0,2136,3384.0,1204,NOTHING
11:48:47,ESX-FUTURE,3384.0,725,3384.0,2615,NOTHING
11:48:48,ESX-FUTURE,3384.0,481,3385.0,2859,NOTHING
11:48:48,ESX-FUTURE,3383.0,2268,3383.0,1072,NOTHING
11:48:49,ESX-FUTURE,3383.0,1066,3383.0,2274,NOTHING
11:48:50,ESX-FUTURE,3383.0,2444,3383.0,896,NOTHING
11:48:51,ESX-FUTURE,3384.0,2708,3384.0,632,NOTHING
11:48:52,ESX-FUTURE,3384.0,2060,3384.0,1280,NOTHING
11:48:53,ESX-FUTURE,3384.0,235,3384.0,3105,NOTHING
11:48:54,ESX-FUTURE,3384.0,2310,3384.0,1030,NOTHING
11:48:55,ESX-FUTURE,3384.0,538,3384.0,2802,NOTHING
11:48:55,ESX-FUTURE,3384.0,1586,3384.0,1754,NOTHING
11:48:57,ESX-FUTURE,3384.0,2383,3384.0,957,NOTHING
11:48:57,ESX-FUTURE,3384.0,3302,3384.0,38,NOTHING
11:48:58,ESX-FUTURE,3384.0,2932,3384.0,408,NOTHING
11:49:01,ESX-FUTURE,3383.0,636,3384.0,2704,NOTHING
11:49:02,ESX-FUTURE,3381.0,2827,3381.0,513,NOTHING
11:49:03,ESX-FUTURE,3381.0,2025,3381.0,1315,NOTHING
11:49:04,ESX-FUTURE,3382.0,2999,3382.0,341,NOTHING
11:49:06,ESX-FUTURE,3381.0,1078,3382.0,2262,NOTHING
11:49:07,ESX-FUTURE,3381.0,685,3382.0,2655,NOTHING
11:49:08,ESX-FUTURE,3381.0,689,3382.0,2651,NOTHING
11:49:10,ESX-FUTURE,3381.0,1629,3381.0,1711,NOTHING
11:49:10,ESX-FUTURE,3381.0,886,3381.0,2454,NOTHING
11:49:11,ESX-FUTURE,3380.0,3315,3381.0,25,NOTHING
11:49:12,ESX-FUTURE,3380.0,2574,3380.0,766,NOTHING
11:49:14,ESX-FUTURE,3380.0,3193,3380.0,147,NOTHING
11:49:16,ESX-FUTURE,3380.0,3081,3380.0,259,NOTHING
11:49:17,ESX-FUTURE,3380.0,133,3380.0,3207,NOTHING
11:49:19,ESX-FUTURE,3380.0,1941,3380.0,1399,NOTHING
11:49:20,ESX-FUTURE,3380.0,1906,3380.0,1434,NOTHING
11:49:22,ESX-FUTURE,3379.0,2139,3380.0,1201,NOTHING
11:49:22,ESX-FUTURE,3380.0,679,3380.0,2661,NOTHING
11:49:24,ESX-FUTURE,3380.0,2279,3380.0,1061,NOTHING
11:49:24,ESX-FUTURE,3380.0,1156,3380.0,2184,NOTHING
11:49:24,ESX-FUTURE,3380.0,1156,3380.0,2184,NOTHING
11:49:26,ESX-FUTURE,3380.0,1853,3380.0,1487,NOTHING
11:49:27,ESX-FUTURE,3380.0,2614,3380.0,726,NOTHING
11:49:27,ESX-FUTURE,3380.0,2915,3380.0,425,NOTHING
11:49:28,ESX-FUTURE,3379.0,2863,3380.0,477,NOTHING
11:49:30,ESX-FUTURE,3379.0,1642,3380.0,1698,NOTHING
11:49:31,ESX-FUTURE,3379.0,981,3380.0,2359,NOTHING
11:49:32,ESX-FUTURE,3379.0,1766,3380.0,1574,NOTHING
11:49:32,ESX-FUTURE,3379.0,1558,3380.0,1782,NOTHING
11:49:34,ESX-FUTURE,3379.0,619,3380.0,2721,NOTHING
11:49:34,ESX-FUTURE,3379.0,1031,3380.0,2309,NOTHING
11:49:35,ESX-FUTURE,3379.0,2222,3379.0,1118,NOTHING
11:49:36,ESX-FUTURE,3379.0,723,3380.0,2617,NOTHING
11:49:37,ESX-FUTURE,3379.0,1013,3380.0,2327,NOTHING
11:49:39,ESX-FUTURE,3379.0,2287,3380.0,1053,NOTHING
11:49:39,ESX-FUTURE,3379.0,2297,3380.0,1043,NOTHING
11:49:41,ESX-FUTURE,3379.0,2298,3380.0,1042,NOTHING
11:49:41,ESX-FUTURE,3379.0,1975,3380.0,1365,NOTHING
11:49:43,ESX-FUTURE,3379.0,3331,3380.0,9,NOTHING
11:49:44,ESX-FUTURE,3380.0,795,3380.0,2545,NOTHING
11:49:46,ESX-FUTURE,3380.0,221,3380.0,3119,NOTHING
11:49:47,ESX-FUTURE,3380.0,256,3380.0,3084,NOTHING
11:49:48,ESX-FUTURE,3379.0,22,3380.0,3318,NOTHING
11:49:48,ESX-FUTURE,3379.0,58,3380.0,3282,NOTHING
11:49:50,ESX-FUTURE,3379.0,571,3380.0,2769,NOTHING
11:49:50,ESX-FUTURE,3379.0,1535,3380.0,1805,NOTHING
11:49:51,ESX-FUTURE,3379.0,1271,3379.0,2069,NOTHING
11:49:52,ESX-FUTURE,3379.0,1926,3379.0,1414,NOTHING
11:49:52,ESX-FUTURE,3379.0,2356,3379.0,984,NOTHING
11:49:54,ESX-FUTURE,3379.0,1699,3379.0,1641,NOTHING
11:49:55,ESX-FUTURE,3379.0,603,3379.0,2737,NOTHING
11:49:57,ESX-FUTURE,3379.0,470,3379.0,2870,NOTHING
11:49:57,ESX-FUTURE,3379.0,162,3379.0,3178,NOTHING
11:49:58,ESX-FUTURE,3379.0,1092,3379.0,2248,NOTHING
11:49:59,ESX-FUTURE,3379.0,1433,3379.0,1907,NOTHING
11:50:00,ESX-FUTURE,3379.0,1435,3379.0,1905,NOTHING
11:50:01,ESX-FUTURE,3380.0,2514,3380.0,826,NOTHING
11:50:02,ESX-FUTURE,3380.0,3050,3380.0,290,NOTHING
11:50:03,ESX-FUTURE,3380.0,2677,3380.0,663,NOTHING
11:50:05,ESX-FUTURE,3381.0,2467,3381.0,873,NOTHING
11:50:07,ESX-FUTURE,3381.0,2467,3381.0,873,NOTHING
11:50:09,ESX-FUTURE,3381.0,1543,3381.0,1797,NOTHING
11:50:10,ESX-FUTURE,3381.0,3306,3381.0,34,NOTHING
11:50:12,ESX-FUTURE,3381.0,605,3381.0,2735,NOTHING
11:50:12,ESX-FUTURE,3381.0,1053,3381.0,2287,NOTHING
11:50:13,ESX-FUTURE,3381.0,245,3381.0,3095,NOTHING
11:50:14,ESX-FUTURE,3380.0,1299,3380.0,2041,NOTHING
11:50:14,ESX-FUTURE,3378.0,2253,3378.0,1087,NOTHING
11:50:15,ESX-FUTURE,3378.0,2852,3378.0,488,NOTHING
11:50:15,ESX-FUTURE,3378.0,1705,3378.0,1635,NOTHING
11:50:16,ESX-FUTURE,3377.0,1880,3377.0,1460,NOTHING
11:50:17,ESX-FUTURE,3378.0,669,3378.0,2671,NOTHING
11:50:18,ESX-FUTURE,3377.0,1395,3377.0,1945,NOTHING
11:50:19,ESX-FUTURE,3377.0,1706,3377.0,1634,NOTHING
11:50:20,ESX-FUTURE,3374.0,1276,3375.0,2064,NOTHING
11:50:21,ESX-FUTURE,3374.0,1216,3375.0,2124,NOTHING
11:50:23,ESX-FUTURE,3374.0,2751,3375.0,589,NOTHING
11:50:23,ESX-FUTURE,3374.0,1128,3374.0,2212,NOTHING
11:50:24,ESX-FUTURE,3374.0,1813,3374.0,1527,NOTHING
11:50:25,ESX-FUTURE,3374.0,2435,3374.0,905,NOTHING
11:50:26,ESX-FUTURE,3374.0,2325,3374.0,1015,NOTHING
11:50:26,ESX-FUTURE,3372.0,1670,3372.0,1670,NOTHING
11:50:28,ESX-FUTURE,3372.0,1681,3372.0,1659,NOTHING
11:50:28,ESX-FUTURE,3372.0,1383,3372.0,1957,NOTHING
11:50:29,ESX-FUTURE,3372.0,1657,3372.0,1683,NOTHING
11:50:31,ESX-FUTURE,3372.0,3154,3372.0,186,NOTHING
11:50:32,ESX-FUTURE,3372.0,3157,3372.0,183,NOTHING
11:50:33,ESX-FUTURE,3371.0,346,3371.0,2994,NOTHING
11:50:34,ESX-FUTURE,3371.0,1295,3371.0,2045,NOTHING
11:50:35,ESX-FUTURE,3372.0,2757,3372.0,583,NOTHING
11:50:36,ESX-FUTURE,3372.0,1234,3372.0,2106,NOTHING
11:50:38,ESX-FUTURE,3372.0,2714,3372.0,626,NOTHING
11:50:39,ESX-FUTURE,3372.0,2590,3372.0,750,NOTHING
11:50:41,ESX-FUTURE,3372.0,2742,3372.0,598,NOTHING
11:50:42,ESX-FUTURE,3372.0,667,3372.0,2673,NOTHING
11:50:43,ESX-FUTURE,3373.0,2311,3373.0,1029,NOTHING
11:50:45,ESX-FUTURE,3373.0,1006,3373.0,2334,NOTHING
11:50:46,ESX-FUTURE,3373.0,2430,3373.0,910,NOTHING
11:50:47,ESX-FUTURE,3373.0,119,3373.0,3221,NOTHING
11:50:49,ESX-FUTURE,3373.0,2993,3373.0,347,NOTHING
11:50:50,ESX-FUTURE,3373.0,1992,3373.0,1348,NOTHING
11:50:51,ESX-FUTURE,3373.0,657,3373.0,2683,NOTHING
11:50:52,ESX-FUTURE,3371.0,1281,3372.0,2059,NOTHING
11:50:53,ESX-FUTURE,3371.0,2374,3372.0,966,NOTHING
11:50:53,ESX-FUTURE,3371.0,503,3372.0,2837,NOTHING
11:50:53,ESX-FUTURE,3371.0,1095,3371.0,2245,NOTHING
11:50:53,ESX-FUTURE,3371.0,3232,3371.0,108,NOTHING
11:50:54,ESX-FUTURE,3371.0,2855,3371.0,485,NOTHING
11:50:54,ESX-FUTURE,3372.0,307,3373.0,3033,NOTHING
11:50:55,ESX-FUTURE,3373.0,2549,3373.0,791,NOTHING
11:50:56,ESX-FUTURE,3373.0,2671,3373.0,669,NOTHING
11:50:57,ESX-FUTURE,3373.0,2176,3374.0,1164,NOTHING
11:50:58,ESX-FUTURE,3374.0,646,3374.0,2694,NOTHING
11:50:59,ESX-FUTURE,3374.0,813,3374.0,2527,NOTHING
11:51:00,ESX-FUTURE,3373.0,3233,3374.0,107,BUY
11:51:01,ESX-FUTURE,3374.0,321,3374.0,3019,BUY
11:51:03,ESX-FUTURE,3373.0,2355,3374.0,985,BUY
11:51:04,ESX-FUTURE,3373.0,3099,3373.0,241,BUY
11:51:05,ESX-FUTURE,3373.0,2995,3373.0,345,BUY
11:51:05,ESX-FUTURE,3373.0,2974,3373.0,366,BUY
11:51:07,ESX-FUTURE,3373.0,1367,3373.0,1973,BUY
11:51:07,ESX-FUTURE,3373.0,2941,3373.0,399,BUY
11:51:09,ESX-FUTURE,3373.0,2678,3373.0,662,BUY
11:51:11,ESX-FUTURE,3372.0,2785,3373.0,555,BUY
11:51:11,ESX-FUTURE,3373.0,376,3373.0,2964,BUY
11:51:12,ESX-FUTURE,3373.0,1479,3373.0,1861,BUY
11:51:13,ESX-FUTURE,3373.0,1461,3373.0,1879,BUY
11:51:14,ESX-FUTURE,3372.0,2697,3372.0,643,BUY
11:51:14,ESX-FUTURE,3372.0,1136,3373.0,2204,BUY
11:51:16,ESX-FUTURE,3372.0,1167,3372.0,2173,BUY
11:51:17,ESX-FUTURE,3371.0,1135,3371.0,2205,BUY
11:51:18,ESX-FUTURE,3371.0,1095,3371.0,2245,BUY
11:51:19,ESX-FUTURE,3371.0,2703,3371.0,637,BUY
11:51:21,ESX-FUTURE,3370.0,1094,3370.0,2246,BUY
11:51:23,ESX-FUTURE,3370.0,547,3371.0,2793,BUY
11:51:24,ESX-FUTURE,3370.0,2989,3371.0,351,BUY
11:51:25,ESX-FUTURE,3370.0,2894,3371.0,446,BUY
11:51:25,ESX-FUTURE,3370.0,2514,3371.0,826,BUY
11:51:26,ESX-FUTURE,3373.0,2794,3373.0,546,BUY
11:51:27,ESX-FUTURE,3374.0,540,3374.0,2800,BUY
11:51:28,ESX-FUTURE,3374.0,749,3374.0,2591,BUY
11:51:29,ESX-FUTURE,3374.0,358,3374.0,2982,BUY
11:51:30,ESX-FUTURE,3374.0,3179,3374.0,161,BUY
11:51:31,ESX-FUTURE,3376.0,3085,3376.0,255,BUY
11:51:33,ESX-FUTURE,3375.0,2524,3375.0,816,BUY
11:51:34,ESX-FUTURE,3375.0,2166,3375.0,1174,BUY
11:51:34,ESX-FUTURE,3376.0,1711,3376.0,1629,BUY
11:51:35,ESX-FUTURE,3376.0,1046,3376.0,2294,BUY
11:51:36,ESX-FUTURE,3376.0,57,3376.0,3283,BUY
11:51:37,ESX-FUTURE,3376.0,1557,3376.0,1783,BUY
11:51:38,ESX-FUTURE,3376.0,2135,3376.0,1205,BUY
11:51:38,ESX-FUTURE,3376.0,1349,3376.0,1991,BUY
11:51:38,ESX-FUTURE,3377.0,3149,3378.0,191,BUY
11:51:39,ESX-FUTURE,3377.0,3069,3377.0,271,BUY
11:51:40,ESX-FUTURE,3377.0,2429,3377.0,911,BUY
11:51:41,ESX-FUTURE,3378.0,593,3378.0,2747,BUY
11:51:42,ESX-FUTURE,3378.0,2604,3378.0,736,BUY
11:51:42,ESX-FUTURE,3378.0,2848,3378.0,492,BUY
11:51:44,ESX-FUTURE,3378.0,3303,3378.0,37,BUY
11:51:45,ESX-FUTURE,3378.0,1590,3379.0,1750,BUY
11:51:46,ESX-FUTURE,3378.0,1851,3379.0,1489,BUY
11:51:47,ESX-FUTURE,3379.0,1190,3379.0,2150,BUY
11:51:47,ESX-FUTURE,3379.0,1191,3379.0,2149,BUY
11:51:48,ESX-FUTURE,3379.0,2527,3379.0,813,BUY
11:51:49,ESX-FUTURE,3379.0,770,3379.0,2570,BUY
11:51:50,ESX-FUTURE,3379.0,823,3379.0,2517,BUY
11:51:50,ESX-FUTURE,3379.0,296,3379.0,3044,BUY
11:51:51,ESX-FUTURE,3379.0,313,3379.0,3027,BUY
11:51:52,ESX-FUTURE,3379.0,411,3379.0,2929,BUY
11:51:53,ESX-FUTURE,3379.0,118,3380.0,3222,BUY
11:51:54,ESX-FUTURE,3378.0,2,3378.0,3338,BUY
11:51:55,ESX-FUTURE,3378.0,791,3378.0,2549,BUY
11:51:56,ESX-FUTURE,3379.0,2912,3379.0,428,BUY
11:51:57,ESX-FUTURE,3379.0,2069,3379.0,1271,BUY
11:51:58,ESX-FUTURE,3379.0,2008,3379.0,1332,BUY
11:51:59,ESX-FUTURE,3379.0,2009,3379.0,1331,BUY
11:52:01,ESX-FUTURE,3379.0,2885,3379.0,455,NOTHING
11:52:02,ESX-FUTURE,3379.0,1705,3379.0,1635,NOTHING
11:52:02,ESX-FUTURE,3378.0,3112,3379.0,228,NOTHING
11:52:04,ESX-FUTURE,3380.0,2263,3380.0,1077,NOTHING
11:52:05,ESX-FUTURE,3380.0,2144,3380.0,1196,NOTHING
11:52:05,ESX-FUTURE,3380.0,2058,3380.0,1282,NOTHING
11:52:06,ESX-FUTURE,3380.0,1990,3380.0,1350,NOTHING
11:52:07,ESX-FUTURE,3381.0,2048,3382.0,1292,NOTHING
11:52:08,ESX-FUTURE,3381.0,3041,3382.0,299,NOTHING
11:52:08,ESX-FUTURE,3381.0,3041,3382.0,299,NOTHING
11:52:09,ESX-FUTURE,3381.0,3043,3382.0,297,NOTHING
11:52:10,ESX-FUTURE,3381.0,3092,3382.0,248,NOTHING
11:52:11,ESX-FUTURE,3382.0,1578,3382.0,1762,NOTHING
11:52:12,ESX-FUTURE,3381.0,2496,3382.0,844,NOTHING
11:52:13,ESX-FUTURE,3383.0,1998,3383.0,1342,NOTHING
11:52:14,ESX-FUTURE,3383.0,608,3383.0,2732,NOTHING
11:52:15,ESX-FUTURE,3383.0,637,3383.0,2703,NOTHING
11:52:16,ESX-FUTURE,3381.0,2474,3381.0,866,NOTHING
11:52:18,ESX-FUTURE,3381.0,2543,3381.0,797,NOTHING
11:52:19,ESX-FUTURE,3381.0,2547,3381.0,793,NOTHING
11:52:21,ESX-FUTURE,3381.0,161,3381.0,3179,NOTHING
11:52:22,ESX-FUTURE,3381.0,395,3381.0,2945,NOTHING
11:52:23,ESX-FUTURE,3381.0,484,3381.0,2856,NOTHING
11:52:25,ESX-FUTURE,3381.0,274,3381.0,3066,NOTHING
11:52:25,ESX-FUTURE,3381.0,450,3381.0,2890,NOTHING
11:52:25,ESX-FUTURE,3381.0,3207,3381.0,133,NOTHING
11:52:27,ESX-FUTURE,3381.0,3280,3381.0,60,NOTHING
11:52:27,ESX-FUTURE,3381.0,68,3381.0,3272,NOTHING
11:52:28,ESX-FUTURE,3381.0,2753,3381.0,587,NOTHING
11:52:28,ESX-FUTURE,3381.0,1376,3381.0,1964,NOTHING
11:52:29,ESX-FUTURE,3381.0,2142,3381.0,1198,NOTHING
11:52:31,ESX-FUTURE,3381.0,262,3381.0,3078,NOTHING
11:52:32,ESX-FUTURE,3381.0,2471,3381.0,869,NOTHING
11:52:33,ESX-FUTURE,3381.0,1765,3381.0,1575,NOTHING
11:52:34,ESX-FUTURE,3380.0,1925,3380.0,1415,NOTHING
11:52:34,ESX-FUTURE,3380.0,3029,3380.0,311,NOTHING
11:52:35,ESX-FUTURE,3381.0,3142,3381.0,198,NOTHING
11:52:37,ESX-FUTURE,3381.0,93,3381.0,3247,NOTHING
11:52:38,ESX-FUTURE,3381.0,1166,3381.0,2174,NOTHING
11:52:38,ESX-FUTURE,3381.0,2697,3381.0,643,NOTHING
11:52:40,ESX-FUTURE,3381.0,2911,3381.0,429,NOTHING
11:52:40,ESX-FUTURE,3381.0,1998,3381.0,1342,NOTHING
11:52:42,ESX-FUTURE,3382.0,53,3382.0,3287,NOTHING
11:52:44,ESX-FUTURE,3381.0,2835,3381.0,505,NOTHING
11:52:45,ESX-FUTURE,3381.0,922,3381.0,2418,NOTHING
11:52:45,ESX-FUTURE,3381.0,452,3381.0,2888,NOTHING
11:52:47,ESX-FUTURE,3381.0,1318,3381.0,2022,NOTHING
11:52:47,ESX-FUTURE,3381.0,1313,3381.0,2027,NOTHING
11:52:47,ESX-FUTURE,3381.0,427,3381.0,2913,NOTHING
11:52:48,ESX-FUTURE,3381.0,738,3381.0,2602,NOTHING
11:52:49,ESX-FUTURE,3381.0,2695,3381.0,645,NOTHING
11:52:49,ESX-FUTURE,3381.0,1099,3381.0,2241,NOTHING
11:52:50,ESX-FUTURE,3381.0,2450,3381.0,890,NOTHING
11:52:51,ESX-FUTURE,3380.0,2805,3380.0,535,NOTHING
11:52:53,ESX-FUTURE,3380.0,1589,3380.0,1751,NOTHING
11:52:54,ESX-FUTURE,3380.0,1541,3380.0,1799,NOTHING
11:52:55,ESX-FUTURE,3380.0,793,3380.0,2547,NOTHING
11:52:56,ESX-FUTURE,3380.0,1974,3380.0,1366,NOTHING
11:52:58,ESX-FUTURE,3380.0,1376,3380.0,1964,NOTHING
11:53:00,ESX-FUTURE,3381.0,1158,3381.0,2182,SELL
11:53:01,ESX-FUTURE,3381.0,3091,3381.0,249,SELL
11:53:02,ESX-FUTURE,3381.0,2671,3381.0,669,SELL
11:53:04,ESX-FUTURE,3381.0,2673,3381.0,667,SELL
11:53:05,ESX-FUTURE,3381.0,2824,3381.0,516,SELL
11:53:07,ESX-FUTURE,3381.0,645,3381.0,2695,SELL
11:53:08,ESX-FUTURE,3381.0,2482,3381.0,858,SELL
11:53:08,ESX-FUTURE,3381.0,2080,3381.0,1260,SELL
11:53:09,ESX-FUTURE,3381.0,3262,3381.0,78,SELL
11:53:10,ESX-FUTURE,3381.0,2669,3381.0,671,SELL
11:53:11,ESX-FUTURE,3382.0,357,3382.0,2983,SELL
11:53:12,ESX-FUTURE,3381.0,1574,3381.0,1766,SELL
11:53:12,ESX-FUTURE,3381.0,2054,3381.0,1286,SELL
11:53:14,ESX-FUTURE,3381.0,1396,3381.0,1944,SELL
11:53:14,ESX-FUTURE,3381.0,722,3381.0,2618,SELL
11:53:15,ESX-FUTURE,3381.0,672,3381.0,2668,SELL
11:53:16,ESX-FUTURE,3381.0,958,3381.0,2382,SELL
11:53:18,ESX-FUTURE,3381.0,1010,3381.0,2330,SELL
11:53:18,ESX-FUTURE,3381.0,1072,3381.0,2268,SELL
11:53:18,ESX-FUTURE,3381.0,863,3381.0,2477,SELL
11:53:19,ESX-FUTURE,3381.0,1589,3381.0,1751,SELL
11:53:20,ESX-FUTURE,3381.0,941,3381.0,2399,SELL
11:53:21,ESX-FUTURE,3381.0,202,3381.0,3138,SELL
11:53:22,ESX-FUTURE,3381.0,1405,3381.0,1935,SELL
11:53:24,ESX-FUTURE,3381.0,1701,3381.0,1639,SELL
11:53:26,ESX-FUTURE,3381.0,696,3381.0,2644,SELL
11:53:27,ESX-FUTURE,3384.0,3332,3384.0,8,SELL
11:53:29,ESX-FUTURE,3384.0,1089,3384.0,2251,SELL
11:53:30,ESX-FUTURE,3384.0,1298,3384.0,2042,SELL
11:53:31,ESX-FUTURE,3384.0,2926,3384.0,414,SELL
11:53:32,ESX-FUTURE,3384.0,2943,3384.0,397,SELL
11:53:32,ESX-FUTURE,3384.0,3192,3384.0,148,SELL
11:53:34,ESX-FUTURE,3384.0,3191,3384.0,149,SELL
11:53:35,ESX-FUTURE,3384.0,3198,3384.0,142,SELL
11:53:35,ESX-FUTURE,3381.0,911,3382.0,2429,SELL
11:53:36,ESX-FUTURE,3382.0,2415,3382.0,925,SELL
11:53:38,ESX-FUTURE,3382.0,488,3382.0,2852,SELL
11:53:38,ESX-FUTURE,3382.0,1556,3382.0,1784,SELL
11:53:39,ESX-FUTURE,3382.0,3207,3382.0,133,SELL
11:53:40,ESX-FUTURE,3378.0,1753,3379.0,1587,SELL
11:53:42,ESX-FUTURE,3378.0,536,3378.0,2804,SELL
11:53:43,ESX-FUTURE,3379.0,953,3379.0,2387,SELL
11:53:43,ESX-FUTURE,3379.0,683,3379.0,2657,SELL
11:53:45,ESX-FUTURE,3378.0,1346,3379.0,1994,SELL
11:53:46,ESX-FUTURE,3378.0,88,3379.0,3252,SELL
11:53:48,ESX-FUTURE,3378.0,592,3378.0,2748,SELL
11:53:49,ESX-FUTURE,3377.0,2931,3377.0,409,SELL
11:53:50,ESX-FUTURE,3377.0,3045,3377.0,295,SELL
11:53:51,ESX-FUTURE,3373.0,1935,3373.0,1405,SELL
11:53:52,ESX-FUTURE,3372.0,2656,3372.0,684,SELL
11:53:53,ESX-FUTURE,3372.0,1947,3372.0,1393,SELL
11:53:53,ESX-FUTURE,3372.0,143,3372.0,3197,SELL
11:53:54,ESX-FUTURE,3372.0,3089,3372.0,251,SELL
11:53:56,ESX-FUTURE,3372.0,3058,3372.0,282,SELL
11:53:57,ESX-FUTURE,3372.0,3050,3372.0,290,SELL
11:53:57,ESX-FUTURE,3372.0,1644,3372.0,1696,SELL
11:53:58,ESX-FUTURE,3372.0,65,3372.0,3275,SELL
11:53:59,ESX-FUTURE,3372.0,1425,3372.0,1915,SELL
11:53:59,ESX-FUTURE,3372.0,1412,3372.0,1928,SELL
11:54:01,ESX-FUTURE,3372.0,1415,3372.0,1925,NOTHING
11:54:01,ESX-FUTURE,3372.0,821,3372.0,2519,NOTHING
11:54:02,ESX-FUTURE,3372.0,569,3372.0,2771,NOTHING
11:54:02,ESX-FUTURE,3372.0,1945,3372.0,1395,NOTHING
11:54:03,ESX-FUTURE,3372.0,96,3372.0,3244,NOTHING
11:54:04,ESX-FUTURE,3372.0,761,3372.0,2579,NOTHING
11:54:05,ESX-FUTURE,3372.0,827,3372.0,2513,NOTHING
11:54:06,ESX-FUTURE,3372.0,745,3372.0,2595,NOTHING
11:54:07,ESX-FUTURE,3370.0,3329,3370.0,11,NOTHING
11:54:08,ESX-FUTURE,3368.0,2778,3368.0,562,NOTHING
11:54:09,ESX-FUTURE,3368.0,400,3368.0,2940,NOTHING
11:54:10,ESX-FUTURE,3368.0,1257,3368.0,2083,NOTHING
11:54:11,ESX-FUTURE,3367.0,1890,3368.0,1450,NOTHING
11:54:12,ESX-FUTURE,3367.0,225,3367.0,3115,NOTHING
11:54:13,ESX-FUTURE,3367.0,3218,3367.0,122,NOTHING
11:54:14,ESX-FUTURE,3367.0,3224,3367.0,116,NOTHING
11:54:15,ESX-FUTURE,3368.0,307,3368.0,3033,NOTHING
11:54:16,ESX-FUTURE,3368.0,2123,3368.0,1217,NOTHING
11:54:18,ESX-FUTURE,3368.0,1878,3368.0,1462,NOTHING
11:54:18,ESX-FUTURE,3368.0,1973,3368.0,1367,NOTHING
11:54:19,ESX-FUTURE,3368.0,2656,3368.0,684,NOTHING
11:54:21,ESX-FUTURE,3366.0,1614,3366.0,1726,NOTHING
11:54:22,ESX-FUTURE,3366.0,2185,3366.0,1155,NOTHING
11:54:24,ESX-FUTURE,3365.0,2174,3365.0,1166,NOTHING
11:54:25,ESX-FUTURE,3365.0,2014,3365.0,1326,NOTHING
11:54:27,ESX-FUTURE,3366.0,1117,3366.0,2223,NOTHING
11:54:27,ESX-FUTURE,3366.0,1104,3366.0,2236,NOTHING
11:54:29,ESX-FUTURE,3365.0,88,3366.0,3252,NOTHING
11:54:30,ESX-FUTURE,3365.0,946,3366.0,2394,NOTHING
11:54:31,ESX-FUTURE,3361.0,2855,3361.0,485,NOTHING
11:54:32,ESX-FUTURE,3361.0,2343,3361.0,997,NOTHING
11:54:33,ESX-FUTURE,3361.0,21,3361.0,3319,NOTHING
11:54:34,ESX-FUTURE,3361.0,605,3361.0,2735,NOTHING
11:54:35,ESX-FUTURE,3361.0,2520,3361.0,820,NOTHING
11:54:37,ESX-FUTURE,3361.0,2716,3361.0,624,NOTHING
11:54:38,ESX-FUTURE,3361.0,2767,3361.0,573,NOTHING
11:54:40,ESX-FUTURE,3361.0,5,3361.0,3335,NOTHING
11:54:40,ESX-FUTURE,3359.0,1937,3359.0,1403,NOTHING
11:54:41,ESX-FUTURE,3359.0,1964,3359.0,1376,NOTHING
11:54:42,ESX-FUTURE,3359.0,2786,3359.0,554,NOTHING
11:54:44,ESX-FUTURE,3360.0,2031,3361.0,1309,NOTHING
11:54:45,ESX-FUTURE,3361.0,2391,3361.0,949,NOTHING
11:54:46,ESX-FUTURE,3361.0,726,3361.0,2614,NOTHING
11:54:46,ESX-FUTURE,3363.0,2079,3363.0,1261,NOTHING
11:54:48,ESX-FUTURE,3362.0,2277,3363.0,1063,NOTHING
11:54:49,ESX-FUTURE,3363.0,61,3363.0,3279,NOTHING
11:54:50,ESX-FUTURE,3363.0,714,3363.0,2626,NOTHING
11:54:51,ESX-FUTURE,3363.0,949,3363.0,2391,NOTHING
11:54:52,ESX-FUTURE,3363.0,925,3363.0,2415,NOTHING
11:54:54,ESX-FUTURE,3363.0,919,3363.0,2421,NOTHING
11:54:55,ESX-FUTURE,3363.0,3214,3363.0,126,NOTHING
11:54:56,ESX-FUTURE,3363.0,3214,3363.0,126,NOTHING
11:54:57,ESX-FUTURE,3362.0,3202,3362.0,138,NOTHING
11:54:58,ESX-FUTURE,3362.0,420,3362.0,2920,NOTHING
11:54:58,ESX-FUTURE,3362.0,319,3362.0,3021,NOTHING
11:54:59,ESX-FUTURE,3362.0,2808,3363.0,532,NOTHING
11:54:59,ESX-FUTURE,3362.0,1050,3362.0,2290,NOTHING
11:55:00,ESX-FUTURE,3362.0,421,3363.0,2919,NOTHING
11:55:00,ESX-FUTURE,3363.0,323,3363.0,3017,NOTHING
11:55:02,ESX-FUTURE,3363.0,323,3363.0,3017,NOTHING
11:55:03,ESX-FUTURE,3362.0,2644,3363.0,696,NOTHING
11:55:04,ESX-FUTURE,3362.0,1935,3363.0,1405,NOTHING
11:55:05,ESX-FUTURE,3362.0,1277,3363.0,2063,NOTHING
11:55:06,ESX-FUTURE,3361.0,2235,3361.0,1105,NOTHING
11:55:07,ESX-FUTURE,3361.0,2890,3361.0,450,NOTHING
11:55:08,ESX-FUTURE,3361.0,2077,3361.0,1263,NOTHING
11:55:09,ESX-FUTURE,3360.0,989,3360.0,2351,NOTHING
11:55:10,ESX-FUTURE,3360.0,994,3360.0,2346,NOTHING
11:55:12,ESX-FUTURE,3360.0,2325,3360.0,1015,NOTHING
11:55:13,ESX-FUTURE,3360.0,878,3360.0,2462,NOTHING
11:55:14,ESX-FUTURE,3360.0,1239,3360.0,2101,NOTHING
11:55:15,ESX-FUTURE,3360.0,1254,3360.0,2086,NOTHING
11:55:17,ESX-FUTURE,3360.0,1528,3360.0,1812,NOTHING
11:55:17,ESX-FUTURE,3360.0,1505,3361.0,1835,NOTHING
11:55:18,ESX-FUTURE,3360.0,1703,3360.0,1637,NOTHING
11:55:19,ESX-FUTURE,3360.0,1119,3360.0,2221,NOTHING
11:55:21,ESX-FUTURE,3360.0,1917,3360.0,1423,NOTHING
11:55:23,ESX-FUTURE,3360.0,2593,3360.0,747,NOTHING
11:55:23,ESX-FUTURE,3360.0,3145,3360.0,195,NOTHING
11:55:24,ESX-FUTURE,3360.0,3164,3360.0,176,NOTHING
11:55:26,ESX-FUTURE,3360.0,1654,3361.0,1686,NOTHING
11:55:27,ESX-FUTURE,3360.0,671,3360.0,2669,NOTHING
11:55:29,ESX-FUTURE,3360.0,3116,3360.0,224,NOTHING
11:55:30,ESX-FUTURE,3360.0,3260,3360.0,80,NOTHING
11:55:32,ESX-FUTURE,3360.0,3183,3360.0,157,NOTHING
11:55:33,ESX-FUTURE,3360.0,3292,3360.0,48,NOTHING
11:55:34,ESX-FUTURE,3360.0,839,3361.0,2501,NOTHING
11:55:35,ESX-FUTURE,3360.0,1418,3361.0,1922,NOTHING
11:55:35,ESX-FUTURE,3360.0,1691,3361.0,1649,NOTHING
11:55:36,ESX-FUTURE,3361.0,1453,3361.0,1887,NOTHING
11:55:37,ESX-FUTURE,3361.0,778,3361.0,2562,NOTHING
11:55:39,ESX-FUTURE,3361.0,448,3361.0,2892,NOTHING
11:55:40,ESX-FUTURE,3361.0,388,3361.0,2952,NOTHING
11:55:42,ESX-FUTURE,3361.0,917,3361.0,2423,NOTHING
11:55:43,ESX-FUTURE,3361.0,2288,3361.0,1052,NOTHING
11:55:44,ESX-FUTURE,3361.0,2284,3361.0,1056,NOTHING
11:55:45,ESX-FUTURE,3360.0,2246,3361.0,1094,NOTHING
11:55:46,ESX-FUTURE,3360.0,3334,3361.0,6,NOTHING
11:55:46,ESX-FUTURE,3360.0,2919,3360.0,421,NOTHING
11:55:47,ESX-FUTURE,3363.0,1414,3363.0,1926,NOTHING
11:55:48,ESX-FUTURE,3363.0,1144,3363.0,2196,NOTHING
11:55:49,ESX-FUTURE,3363.0,1852,3363.0,1488,NOTHING
11:55:50,ESX-FUTURE,3363.0,142,3363.0,3198,NOTHING
11:55:51,ESX-FUTURE,3363.0,1194,3363.0,2146,NOTHING
11:55:53,ESX-FUTURE,3363.0,1161,3363.0,2179,NOTHING
11:55:54,ESX-FUTURE,3362.0,2298,3362.0,1042,NOTHING
11:55:55,ESX-FUTURE,3366.0,1319,3366.0,2021,NOTHING
11:55:57,ESX-FUTURE,3366.0,1816,3366.0,1524,NOTHING
11:55:58,ESX-FUTURE,3367.0,917,3367.0,2423,NOTHING
11:55:59,ESX-FUTURE,3367.0,1108,3367.0,2232,NOTHING
11:56:00,ESX-FUTURE,3367.0,1079,3367.0,2261,NOTHING
11:56:00,ESX-FUTURE,3367.0,982,3367.0,2358,NOTHING
11:56:01,ESX-FUTURE,3367.0,1011,3367.0,2329,NOTHING
11:56:03,ESX-FUTURE,3367.0,620,3367.0,2720,NOTHING
11:56:04,ESX-FUTURE,3367.0,1977,3367.0,1363,NOTHING
11:56:05,ESX-FUTURE,3367.0,2093,3367.0,1247,NOTHING
11:56:06,ESX-FUTURE,3367.0,2119,3367.0,1221,NOTHING
11:56:07,ESX-FUTURE,3367.0,1928,3367.0,1412,NOTHING
11:56:09,ESX-FUTURE,3367.0,1256,3367.0,2084,NOTHING
11:56:10,ESX-FUTURE,3367.0,1328,3367.0,2012,NOTHING
11:56:11,ESX-FUTURE,3362.0,3183,3363.0,157,NOTHING
11:56:12,ESX-FUTURE,3363.0,65,3363.0,3275,NOTHING
11:56:13,ESX-FUTURE,3363.0,179,3363.0,3161,NOTHING
11:56:14,ESX-FUTURE,3363.0,1025,3363.0,2315,NOTHING
11:56:16,ESX-FUTURE,3363.0,3226,3363.0,114,NOTHING
11:56:17,ESX-FUTURE,3362.0,2490,3362.0,850,NOTHING
11:56:19,ESX-FUTURE,3362.0,2913,3362.0,427,NOTHING
11:56:21,ESX-FUTURE,3362.0,2354,3362.0,986,NOTHING
11:56:22,ESX-FUTURE,3362.0,1191,3362.0,2149,NOTHING
11:56:23,ESX-FUTURE,3362.0,270,3362.0,3070,NOTHING
11:56:24,ESX-FUTURE,3362.0,2990,3362.0,350,NOTHING
11:56:24,ESX-FUTURE,3362.0,2780,3362.0,560,NOTHING
11:56:24,ESX-FUTURE,3362.0,2375,3362.0,965,NOTHING
11:56:25,ESX-FUTURE,3365.0,3221,3366.0,119,NOTHING
11:56:26,ESX-FUTURE,3366.0,1552,3366.0,1788,NOTHING
11:56:28,ESX-FUTURE,3364.0,2713,3364.0,627,NOTHING
11:56:28,ESX-FUTURE,3364.0,793,3364.0,2547,NOTHING
11:56:30,ESX-FUTURE,3364.0,2457,3364.0,883,NOTHING
11:56:31,ESX-FUTURE,3364.0,1738,3365.0,1602,NOTHING
11:56:31,ESX-FUTURE,3365.0,1826,3366.0,1514,NOTHING
11:56:33,ESX-FUTURE,3365.0,1975,3366.0,1365,NOTHING
11:56:34,ESX-FUTURE,3365.0,1974,3366.0,1366,NOTHING
11:56:36,ESX-FUTURE,3365.0,3087,3365.0,253,NOTHING
11:56:37,ESX-FUTURE,3365.0,91,3366.0,3249,NOTHING
11:56:38,ESX-FUTURE,3365.0,1398,3365.0,1942,NOTHING
11:56:39,ESX-FUTURE,3366.0,1080,3367.0,2260,NOTHING
11:56:39,ESX-FUTURE,3366.0,3142,3367.0,198,NOTHING
11:56:40,ESX-FUTURE,3366.0,2712,3367.0,628,NOTHING
11:56:40,ESX-FUTURE,3366.0,2251,3367.0,1089,NOTHING
11:56:42,ESX-FUTURE,3366.0,1765,3367.0,1575,NOTHING
11:56:43,ESX-FUTURE,3367.0,1226,3367.0,2114,NOTHING
11:56:44,ESX-FUTURE,3366.0,477,3366.0,2863,NOTHING
11:56:44,ESX-FUTURE,3366.0,794,3366.0,2546,NOTHING
11:56:45,ESX-FUTURE,3365.0,2072,3365.0,1268,NOTHING
11:56:45,ESX-FUTURE,3365.0,815,3365.0,2525,NOTHING
11:56:47,ESX-FUTURE,3365.0,808,3365.0,2532,NOTHING
11:56:49,ESX-FUTURE,3365.0,2141,3365.0,1199,NOTHING
11:56:50,ESX-FUTURE,3367.0,1268,3367.0,2072,NOTHING
11:56:51,ESX-FUTURE,3366.0,764,3367.0,2576,NOTHING
11:56:53,ESX-FUTURE,3366.0,1711,3367.0,1629,NOTHING
11:56:55,ESX-FUTURE,3366.0,1056,3367.0,2284,NOTHING
11:56:55,ESX-FUTURE,3366.0,2332,3366.0,1008,NOTHING
11:56:57,ESX-FUTURE,3363.0,942,3364.0,2398,NOTHING
11:56:58,ESX-FUTURE,3363.0,1986,3363.0,1354,NOTHING
11:57:00,ESX-FUTURE,3363.0,2416,3363.0,924,BUY
11:57:01,ESX-FUTURE,3362.0,927,3363.0,2413,BUY
11:57:03,ESX-FUTURE,3363.0,2750,3363.0,590,BUY
11:57:04,ESX-FUTURE,3363.0,1774,3363.0,1566,BUY
11:57:04,ESX-FUTURE,3363.0,2506,3363.0,834,BUY
11:57:04,ESX-FUTURE,3363.0,2527,3363.0,813,BUY
11:57:05,ESX-FUTURE,3363.0,1158,3363.0,2182,BUY
11:57:06,ESX-FUTURE,3363.0,1705,3363.0,1635,BUY
11:57:08,ESX-FUTURE,3363.0,2458,3363.0,882,BUY
11:57:08,ESX-FUTURE,3362.0,3090,3363.0,250,BUY
11:57:10,ESX-FUTURE,3363.0,751,3363.0,2589,BUY
11:57:11,ESX-FUTURE,3362.0,2390,3363.0,950,BUY
11:57:11,ESX-FUTURE,3362.0,1153,3363.0,2187,BUY
11:57:12,ESX-FUTURE,3363.0,27,3363.0,3313,BUY
11:57:14,ESX-FUTURE,3362.0,2380,3363.0,960,BUY
11:57:15,ESX-FUTURE,3362.0,2834,3363.0,506,BUY
11:57:16,ESX-FUTURE,3362.0,1469,3363.0,1871,BUY
11:57:17,ESX-FUTURE,3363.0,2754,3364.0,586,BUY
11:57:17,ESX-FUTURE,3363.0,2172,3364.0,1168,BUY
11:57:18,ESX-FUTURE,3363.0,1922,3364.0,1418,BUY
11:57:19,ESX-FUTURE,3363.0,462,3363.0,2878,BUY
11:57:20,ESX-FUTURE,3363.0,2474,3363.0,866,BUY
11:57:21,ESX-FUTURE,3359.0,1558,3360.0,1782,BUY
11:57:22,ESX-FUTURE,3359.0,167,3359.0,3173,BUY
11:57:22,ESX-FUTURE,3359.0,1635,3359.0,1705,BUY
11:57:23,ESX-FUTURE,3359.0,1646,3359.0,1694,BUY
11:57:24,ESX-FUTURE,3359.0,1351,3359.0,1989,BUY
11:57:25,ESX-FUTURE,3359.0,1475,3359.0,1865,BUY
11:57:28,ESX-FUTURE,3359.0,1914,3359.0,1426,BUY
11:57:28,ESX-FUTURE,3360.0,3282,3360.0,58,BUY
11:57:29,ESX-FUTURE,3360.0,3320,3360.0,20,BUY
11:57:29,ESX-FUTURE,3360.0,1765,3360.0,1575,BUY
11:57:30,ESX-FUTURE,3360.0,1679,3360.0,1661,BUY
11:57:32,ESX-FUTURE,3360.0,1078,3360.0,2262,BUY
11:57:33,ESX-FUTURE,3360.0,1136,3360.0,2204,BUY
11:57:34,ESX-FUTURE,3360.0,1899,3360.0,1441,BUY
11:57:35,ESX-FUTURE,3360.0,890,3360.0,2450,BUY
11:57:36,ESX-FUTURE,3360.0,2531,3360.0,809,BUY
11:57:37,ESX-FUTURE,3360.0,559,3360.0,2781,BUY
11:57:38,ESX-FUTURE,3360.0,1575,3360.0,1765,BUY
11:57:38,ESX-FUTURE,3360.0,109,3360.0,3231,BUY
11:57:38,ESX-FUTURE,3360.0,1285,3361.0,2055,BUY
11:57:39,ESX-FUTURE,3363.0,552,3363.0,2788,BUY
11:57:40,ESX-FUTURE,3363.0,885,3363.0,2455,BUY
11:57:41,ESX-FUTURE,3363.0,3035,3363.0,305,BUY
11:57:43,ESX-FUTURE,3363.0,4,3363.0,3336,BUY
11:57:44,ESX-FUTURE,3363.0,1851,3363.0,1489,BUY
11:57:45,ESX-FUTURE,3363.0,2315,3363.0,1025,BUY
11:57:47,ESX-FUTURE,3363.0,2377,3363.0,963,BUY
11:57:47,ESX-FUTURE,3363.0,2734,3363.0,606,BUY
11:57:48,ESX-FUTURE,3359.0,1488,3359.0,1852,BUY
11:57:49,ESX-FUTURE,3359.0,1408,3359.0,1932,BUY
11:57:50,ESX-FUTURE,3358.0,711,3359.0,2629,BUY
11:57:51,ESX-FUTURE,3358.0,283,3359.0,3057,BUY
11:57:52,ESX-FUTURE,3358.0,283,3359.0,3057,BUY
11:57:53,ESX-FUTURE,3358.0,313,3359.0,3027,BUY
11:57:54,ESX-FUTURE,3360.0,735,3360.0,2605,BUY
11:57:55,ESX-FUTURE,3360.0,10,3361.0,3330,BUY
11:57:56,ESX-FUTURE,3360.0,3089,3361.0,251,BUY
11:57:58,ESX-FUTURE,3360.0,2300,3360.0,1040,BUY
11:57:59,ESX-FUTURE,3360.0,1833,3360.0,1507,BUY
11:57:59,ESX-FUTURE,3362.0,1861,3362.0,1479,BUY
11:58:00,ESX-FUTURE,3362.0,1837,3362.0,1503,NOTHING
11:58:01,ESX-FUTURE,3362.0,708,3362.0,2632,NOTHING
11:58:02,ESX-FUTURE,3364.0,2577,3364.0,763,NOTHING
11:58:02,ESX-FUTURE,3364.0,1093,3364.0,2247,NOTHING
11:58:04,ESX-FUTURE,3363.0,1701,3363.0,1639,NOTHING
11:58:06,ESX-FUTURE,3363.0,2524,3364.0,816,NOTHING
11:58:06,ESX-FUTURE,3363.0,404,3363.0,2936,NOTHING
11:58:07,ESX-FUTURE,3363.0,1111,3363.0,2229,NOTHING
11:58:08,ESX-FUTURE,3363.0,2612,3363.0,728,NOTHING
11:58:09,ESX-FUTURE,3363.0,576,3363.0,2764,NOTHING
11:58:09,ESX-FUTURE,3363.0,468,3363.0,2872,NOTHING
11:58:11,ESX-FUTURE,3363.0,2602,3363.0,738,NOTHING
11:58:11,ESX-FUTURE,3363.0,1080,3363.0,2260,NOTHING
11:58:13,ESX-FUTURE,3362.0,730,3363.0,2610,NOTHING
11:58:14,ESX-FUTURE,3363.0,344,3363.0,2996,NOTHING
11:58:14,ESX-FUTURE,3363.0,714,3363.0,2626,NOTHING
11:58:15,ESX-FUTURE,3364.0,2332,3364.0,1008,NOTHING
11:58:16,ESX-FUTURE,3364.0,1872,3364.0,1468,NOTHING
11:58:17,ESX-FUTURE,3364.0,1899,3364.0,1441,NOTHING
11:58:18,ESX-FUTURE,3365.0,2019,3365.0,1321,NOTHING
11:58:19,ESX-FUTURE,3365.0,2047,3365.0,1293,NOTHING
11:58:20,ESX-FUTURE,3367.0,2696,3367.0,644,NOTHING
11:58:22,ESX-FUTURE,3367.0,1486,3368.0,1854,NOTHING
11:58:23,ESX-FUTURE,3367.0,1426,3368.0,1914,NOTHING
11:58:24,ESX-FUTURE,3368.0,146,3368.0,3194,NOTHING
11:58:26,ESX-FUTURE,3368.0,132,3368.0,3208,NOTHING
11:58:26,ESX-FUTURE,3368.0,746,3368.0,2594,NOTHING
11:58:28,ESX-FUTURE,3368.0,959,3368.0,2381,NOTHING
11:58:29,ESX-FUTURE,3368.0,2277,3368.0,1063,NOTHING
11:58:30,ESX-FUTURE,3368.0,2309,3368.0,1031,NOTHING
11:58:30,ESX-FUTURE,3368.0,1976,3368.0,1364,NOTHING
11:58:30,ESX-FUTURE,3369.0,2703,3369.0,637,NOTHING
11:58:32,ESX-FUTURE,3369.0,2553,3369.0,787,NOTHING
11:58:32,ESX-FUTURE,3369.0,3168,3369.0,172,NOTHING
11:58:34,ESX-FUTURE,3369.0,2075,3369.0,1265,NOTHING
11:58:35,ESX-FUTURE,3369.0,806,3369.0,2534,NOTHING
11:58:37,ESX-FUTURE,3368.0,178,3368.0,3162,NOTHING
11:58:38,ESX-FUTURE,3367.0,177,3368.0,3163,NOTHING
11:58:40,ESX-FUTURE,3367.0,201,3368.0,3139,NOTHING
11:58:41,ESX-FUTURE,3367.0,153,3368.0,3187,NOTHING
11:58:43,ESX-FUTURE,3368.0,890,3368.0,2450,NOTHING
11:58:43,ESX-FUTURE,3368.0,16,3368.0,3324,NOTHING
11:58:44,ESX-FUTURE,3368.0,2016,3368.0,1324,NOTHING
11:58:45,ESX-FUTURE,3368.0,1076,3368.0,2264,NOTHING
11:58:46,ESX-FUTURE,3367.0,618,3367.0,2722,NOTHING
11:58:47,ESX-FUTURE,3367.0,618,3367.0,2722,NOTHING
11:58:48,ESX-FUTURE,3367.0,706,3367.0,2634,NOTHING
11:58:49,ESX-FUTURE,3364.0,2962,3364.0,378,NOTHING
11:58:50,ESX-FUTURE,3364.0,3179,3364.0,161,NOTHING
11:58:50,ESX-FUTURE,3364.0,2369,3364.0,971,NOTHING
11:58:52,ESX-FUTURE,3364.0,2374,3364.0,966,NOTHING
11:58:53,ESX-FUTURE,3363.0,1593,3363.0,1747,NOTHING
11:58:54,ESX-FUTURE,3364.0,1299,3364.0,2041,NOTHING
11:58:55,ESX-FUTURE,3364.0,2919,3364.0,421,NOTHING
11:58:56,ESX-FUTURE,3363.0,2692,3363.0,648,NOTHING
11:58:58,ESX-FUTURE,3363.0,2947,3364.0,393,NOTHING
11:58:58,ESX-FUTURE,3364.0,1516,3364.0,1824,NOTHING
11:58:59,ESX-FUTURE,3363.0,3010,3363.0,330,NOTHING
11:59:00,ESX-FUTURE,3363.0,617,3363.0,2723,NOTHING
11:59:00,ESX-FUTURE,3363.0,560,3363.0,2780,NOTHING
11:59:01,ESX-FUTURE,3362.0,1464,3363.0,1876,NOTHING
11:59:03,ESX-FUTURE,3362.0,2624,3363.0,716,NOTHING
11:59:05,ESX-FUTURE,3362.0,2546,3363.0,794,NOTHING
11:59:06,ESX-FUTURE,3362.0,2358,3363.0,982,NOTHING
11:59:07,ESX-FUTURE,3362.0,2643,3363.0,697,NOTHING
11:59:09,ESX-FUTURE,3362.0,3166,3363.0,174,NOTHING
11:59:09,ESX-FUTURE,3362.0,3118,3363.0,222,NOTHING
11:59:11,ESX-FUTURE,3362.0,3122,3363.0,218,NOTHING
11:59:13,ESX-FUTURE,3364.0,2934,3364.0,406,NOTHING
11:59:13,ESX-FUTURE,3364.0,1720,3364.0,1620,NOTHING
11:59:14,ESX-FUTURE,3364.0,2000,3364.0,1340,NOTHING
11:59:16,ESX-FUTURE,3364.0,2141,3364.0,1199,NOTHING
11:59:17,ESX-FUTURE,3364.0,1042,3364.0,2298,NOTHING
11:59:18,ESX-FUTURE,3364.0,1249,3364.0,2091,NOTHING
11:59:20,ESX-FUTURE,3364.0,737,3364.0,2603,NOTHING
11:59:21,ESX-FUTURE,3364.0,2807,3364.0,533,NOTHING
11:59:22,ESX-FUTURE,3364.0,201,3364.0,3139,NOTHING
11:59:23,ESX-FUTURE,3365.0,824,3366.0,2516,NOTHING
11:59:24,ESX-FUTURE,3366.0,2565,3366.0,775,NOTHING
11:59:24,ESX-FUTURE,3365.0,1630,3366.0,1710,NOTHING
11:59:25,ESX-FUTURE,3368.0,1413,3369.0,1927,NOTHING
11:59:26,ESX-FUTURE,3368.0,2773,3369.0,567,NOTHING
11:59:27,ESX-FUTURE,3368.0,1380,3369.0,1960,NOTHING
11:59:28,ESX-FUTURE,3369.0,165,3369.0,3175,NOTHING
11:59:30,ESX-FUTURE,3368.0,2793,3369.0,547,NOTHING
11:59:32,ESX-FUTURE,3367.0,2699,3367.0,641,NOTHING
11:59:33,ESX-FUTURE,3366.0,1937,3367.0,1403,NOTHING
11:59:33,ESX-FUTURE,3366.0,591,3367.0,2749,NOTHING
11:59:34,ESX-FUTURE,3366.0,1581,3367.0,1759,NOTHING
11:59:35,ESX-FUTURE,3367.0,1792,3367.0,1548,NOTHING
11:59:36,ESX-FUTURE,3367.0,1723,3367.0,1617,NOTHING
11:59:38,ESX-FUTURE,3367.0,2217,3368.0,1123,NOTHING
11:59:39,ESX-FUTURE,3367.0,2033,3368.0,1307,NOTHING
11:59:39,ESX-FUTURE,3367.0,2769,3368.0,571,NOTHING
11:59:41,ESX-FUTURE,3368.0,2036,3368.0,1304,NOTHING
11:59:42,ESX-FUTURE,3368.0,1281,3368.0,2059,NOTHING
11:59:43,ESX-FUTURE,3368.0,1213,3368.0,2127,NOTHING
11:59:44,ESX-FUTURE,3368.0,251,3368.0,3089,NOTHING
11:59:45,ESX-FUTURE,3368.0,482,3368.0,2858,NOTHING
11:59:47,ESX-FUTURE,3368.0,1400,3368.0,1940,NOTHING
11:59:48,ESX-FUTURE,3368.0,1394,3368.0,1946,NOTHING
11:59:49,ESX-FUTURE,3368.0,1688,3368.0,1652,NOTHING
11:59:51,ESX-FUTURE,3368.0,238,3368.0,3102,NOTHING
11:59:52,ESX-FUTURE,3368.0,739,3369.0,2601,NOTHING
11:59:52,ESX-FUTURE,3368.0,2187,3368.0,1153,NOTHING
11:59:54,ESX-FUTURE,3368.0,2351,3368.0,989,NOTHING
11:59:56,ESX-FUTURE,3368.0,2353,3368.0,987,NOTHING
11:59:57,ESX-FUTURE,3368.0,416,3368.0,2924,NOTHING
11:59:58,ESX-FUTURE,3368.0,2488,3368.0,852,NOTHING
12:00:00,ESX-FUTURE,3367.0,3004,3368.0,336,NOTHING
12:00:02,ESX-FUTURE,3367.0,2380,3368.0,960,NOTHING
12:00:03,ESX-FUTURE,3367.0,77,3368.0,3263,NOTHING
12:00:04,ESX-FUTURE,3367.0,898,3367.0,2442,NOTHING
12:00:05,ESX-FUTURE,3367.0,967,3367.0,2373,NOTHING
12:00:07,ESX-FUTURE,3367.0,1471,3367.0,1869,NOTHING
12:00:08,ESX-FUTURE,3367.0,1336,3367.0,2004,NOTHING
12:00:09,ESX-FUTURE,3367.0,1502,3367.0,1838,NOTHING
12:00:10,ESX-FUTURE,3367.0,1523,3367.0,1817,NOTHING
12:00:11,ESX-FUTURE,3370.0,595,3370.0,2745,NOTHING
12:00:11,ESX-FUTURE,3370.0,1008,3370.0,2332,NOTHING
12:00:12,ESX-FUTURE,3370.0,2315,3371.0,1025,NOTHING
12:00:13,ESX-FUTURE,3370.0,1226,3371.0,2114,NOTHING
12:00:14,ESX-FUTURE,3368.0,3204,3369.0,136,NOTHING
12:00:15,ESX-FUTURE,3368.0,1883,3368.0,1457,NOTHING
12:00:16,ESX-FUTURE,3369.0,725,3369.0,2615,NOTHING
12:00:17,ESX-FUTURE,3369.0,1715,3369.0,1625,NOTHING
12:00:18,ESX-FUTURE,3369.0,2179,3369.0,1161,NOTHING
12:00:18,ESX-FUTURE,3369.0,1963,3369.0,1377,NOTHING
12:00:19,ESX-FUTURE,3369.0,1802,3369.0,1538,NOTHING
12:00:19,ESX-FUTURE,3370.0,2561,3370.0,779,NOTHING
12:00:20,ESX-FUTURE,3370.0,1604,3370.0,1736,NOTHING
12:00:21,ESX-FUTURE,3370.0,1004,3370.0,2336,NOTHING
12:00:21,ESX-FUTURE,3370.0,1098,3370.0,2242,NOTHING
12:00:23,ESX-FUTURE,3370.0,1095,3370.0,2245,NOTHING
12:00:24,ESX-FUTURE,3370.0,931,3370.0,2409,NOTHING
12:00:25,ESX-FUTURE,3370.0,931,3370.0,2409,NOTHING
12:00:26,ESX-FUTURE,3370.0,3101,3370.0,239,NOTHING
12:00:27,ESX-FUTURE,3372.0,2236,3372.0,1104,NOTHING
12:00:28,ESX-FUTURE,3372.0,1377,3372.0,1963,NOTHING
12:00:29,ESX-FUTURE,3372.0,2133,3372.0,1207,NOTHING
12:00:30,ESX-FUTURE,3372.0,887,3372.0,2453,NOTHING
12:00:32,ESX-FUTURE,3372.0,592,3372.0,2748,NOTHING
12:00:32,ESX-FUTURE,3371.0,466,3372.0,2874,NOTHING
12:00:34,ESX-FUTURE,3371.0,545,3372.0,2795,NOTHING
12:00:35,ESX-FUTURE,3371.0,1087,3372.0,2253,NOTHING
12:00:37,ESX-FUTURE,3368.0,3301,3368.0,39,NOTHING
12:00:38,ESX-FUTURE,3368.0,1822,3368.0,1518,NOTHING
12:00:38,ESX-FUTURE,3368.0,2300,3368.0,1040,NOTHING
12:00:39,ESX-FUTURE,3368.0,2551,3368.0,789,NOTHING
12:00:41,ESX-FUTURE,3368.0,2526,3368.0,814,NOTHING
12:00:42,ESX-FUTURE,3368.0,2526,3368.0,814,NOTHING
12:00:44,ESX-FUTURE,3368.0,2494,3368.0,846,NOTHING
12:00:45,ESX-FUTURE,3368.0,2056,3368.0,1284,NOTHING
12:00:45,ESX-FUTURE,3368.0,1886,3368.0,1454,NOTHING
12:00:47,ESX-FUTURE,3368.0,1666,3368.0,1674,NOTHING
12:00:47,ESX-FUTURE,3368.0,1474,3368.0,1866,NOTHING
12:00:48,ESX-FUTURE,3368.0,1848,3368.0,1492,NOTHING
12:00:49,ESX-FUTURE,3368.0,1759,3368.0,1581,NOTHING
12:00:50,ESX-FUTURE,3368.0,2236,3368.0,1104,NOTHING
12:00:50,ESX-FUTURE,3368.0,877,3368.0,2463,NOTHING
12:00:51,ESX-FUTURE,3368.0,1999,3368.0,1341,NOTHING
12:00:52,ESX-FUTURE,3368.0,2009,3368.0,1331,NOTHING
12:00:53,ESX-FUTURE,3368.0,1864,3368.0,1476,NOTHING
12:00:54,ESX-FUTURE,3368.0,1835,3368.0,1505,NOTHING
12:00:55,ESX-FUTURE,3368.0,1891,3368.0,1449,NOTHING
12:00:57,ESX-FUTURE,3368.0,954,3368.0,2386,NOTHING
12:00:58,ESX-FUTURE,3367.0,2328,3367.0,1012,NOTHING
12:01:00,ESX-FUTURE,3367.0,2076,3367.0,1264,NOTHING
12:01:01,ESX-FUTURE,3367.0,1973,3367.0,1367,NOTHING
12:01:02,ESX-FUTURE,3367.0,1921,3367.0,1419,NOTHING
12:01:03,ESX-FUTURE,3367.0,1176,3367.0,2164,NOTHING
12:01:03,ESX-FUTURE,3367.0,2017,3367.0,1323,NOTHING
12:01:04,ESX-FUTURE,3367.0,1980,3367.0,1360,NOTHING
12:01:06,ESX-FUTURE,3367.0,785,3367.0,2555,NOTHING
12:01:07,ESX-FUTURE,3367.0,790,3367.0,2550,NOTHING
12:01:08,ESX-FUTURE,3367.0,335,3367.0,3005,NOTHING
12:01:09,ESX-FUTURE,3366.0,673,3367.0,2667,NOTHING
12:01:10,ESX-FUTURE,3366.0,763,3367.0,2577,NOTHING
12:01:10,ESX-FUTURE,3366.0,411,3367.0,2929,NOTHING
12:01:11,ESX-FUTURE,3366.0,411,3367.0,2929,NOTHING
12:01:11,ESX-FUTURE,3366.0,76,3367.0,3264,NOTHING
12:01:13,ESX-FUTURE,3366.0,304,3367.0,3036,NOTHING
12:01:13,ESX-FUTURE,3366.0,1765,3367.0,1575,NOTHING
12:01:15,ESX-FUTURE,3366.0,2642,3366.0,698,NOTHING
12:01:16,ESX-FUTURE,3366.0,693,3366.0,2647,NOTHING
12:01:18,ESX-FUTURE,3366.0,202,3366.0,3138,NOTHING
12:01:19,ESX-FUTURE,3366.0,2705,3366.0,635,NOTHING
12:01:20,ESX-FUTURE,3366.0,2459,3366.0,881,NOTHING
12:01:20,ESX-FUTURE,3366.0,2096,3366.0,1244,NOTHING
12:01:22,ESX-FUTURE,3366.0,1481,3366.0,1859,NOTHING
12:01:23,ESX-FUTURE,3366.0,1466,3366.0,1874,NOTHING
12:01:24,ESX-FUTURE,3366.0,1446,3366.0,1894,NOTHING
12:01:25,ESX-FUTURE,3366.0,1221,3366.0,2119,NOTHING
12:01:26,ESX-FUTURE,3366.0,979,3366.0,2361,NOTHING
12:01:26,ESX-FUTURE,3366.0,672,3367.0,2668,NOTHING
12:01:27,ESX-FUTURE,3366.0,114,3367.0,3226,NOTHING
12:01:28,ESX-FUTURE,3366.0,2205,3366.0,1135,NOTHING
12:01:28,ESX-FUTURE,3366.0,372,3367.0,2968,NOTHING
12:01:29,ESX-FUTURE,3366.0,2318,3367.0,1022,NOTHING
12:01:30,ESX-FUTURE,3366.0,1733,3367.0,1607,NOTHING
12:01:31,ESX-FUTURE,3367.0,2438,3367.0,902,NOTHING
12:01:31,ESX-FUTURE,3368.0,2340,3368.0,1000,NOTHING
12:01:32,ESX-FUTURE,3367.0,676,3368.0,2664,NOTHING
12:01:33,ESX-FUTURE,3367.0,2932,3367.0,408,NOTHING
12:01:34,ESX-FUTURE,3367.0,355,3367.0,2985,NOTHING
12:01:34,ESX-FUTURE,3367.0,1796,3367.0,1544,NOTHING
12:01:37,ESX-FUTURE,3367.0,1727,3367.0,1613,NOTHING
12:01:37,ESX-FUTURE,3367.0,1392,3367.0,1948,NOTHING
12:01:38,ESX-FUTURE,3367.0,2063,3367.0,1277,NOTHING
12:01:39,ESX-FUTURE,3367.0,2043,3367.0,1297,NOTHING
12:01:39,ESX-FUTURE,3368.0,1966,3368.0,1374,NOTHING
12:01:40,ESX-FUTURE,3367.0,978,3367.0,2362,NOTHING
12:01:41,ESX-FUTURE,3367.0,1113,3367.0,2227,NOTHING
12:01:42,ESX-FUTURE,3366.0,1310,3367.0,2030,NOTHING
12:01:44,ESX-FUTURE,3367.0,3256,3367.0,84,NOTHING
12:01:44,ESX-FUTURE,3367.0,31,3367.0,3309,NOTHING
12:01:45,ESX-FUTURE,3366.0,3010,3367.0,330,NOTHING
12:01:47,ESX-FUTURE,3366.0,1064,3367.0,2276,NOTHING
12:01:48,ESX-FUTURE,3366.0,2471,3367.0,869,NOTHING
12:01:48,ESX-FUTURE,3366.0,1344,3367.0,1996,NOTHING
12:01:48,ESX-FUTURE,3367.0,95,3367.0,3245,NOTHING
12:01:49,ESX-FUTURE,3367.0,352,3367.0,2988,NOTHING
12:01:50,ESX-FUTURE,3367.0,1693,3367.0,1647,NOTHING
12:01:51,ESX-FUTURE,3367.0,1742,3367.0,1598,NOTHING
12:01:51,ESX-FUTURE,3367.0,1969,3368.0,1371,NOTHING
12:01:52,ESX-FUTURE,3367.0,2953,3368.0,387,NOTHING
12:01:52,ESX-FUTURE,3367.0,3008,3368.0,332,NOTHING
12:01:54,ESX-FUTURE,3368.0,433,3368.0,2907,NOTHING
12:01:54,ESX-FUTURE,3368.0,1045,3368.0,2295,NOTHING
12:01:55,ESX-FUTURE,3368.0,2016,3368.0,1324,NOTHING
12:01:55,ESX-FUTURE,3368.0,1246,3369.0,2094,NOTHING
12:01:57,ESX-FUTURE,3368.0,1251,3369.0,2089,NOTHING
12:01:58,ESX-FUTURE,3368.0,2008,3368.0,1332,NOTHING
12:01:59,ESX-FUTURE,3368.0,638,3369.0,2702,NOTHING
12:01:59,ESX-FUTURE,3368.0,921,3369.0,2419,NOTHING
12:02:01,ESX-FUTURE,3369.0,3014,3369.0,326,SELL
12:02:01,ESX-FUTURE,3368.0,1157,3368.0,2183,SELL
12:02:02,ESX-FUTURE,3368.0,2223,3368.0,1117,SELL
12:02:03,ESX-FUTURE,3368.0,1170,3368.0,2170,SELL
12:02:04,ESX-FUTURE,3368.0,955,3368.0,2385,SELL
12:02:06,ESX-FUTURE,3368.0,1178,3368.0,2162,SELL
12:02:07,ESX-FUTURE,3368.0,1845,3368.0,1495,SELL
12:02:09,ESX-FUTURE,3368.0,2079,3368.0,1261,SELL
12:02:09,ESX-FUTURE,3368.0,3241,3368.0,99,SELL
12:02:10,ESX-FUTURE,3368.0,2764,3368.0,576,SELL
12:02:11,ESX-FUTURE,3367.0,3228,3367.0,112,SELL
12:02:12,ESX-FUTURE,3367.0,1874,3367.0,1466,SELL
12:02:12,ESX-FUTURE,3367.0,870,3367.0,2470,SELL
12:02:15,ESX-FUTURE,3367.0,2371,3367.0,969,SELL
12:02:16,ESX-FUTURE,3367.0,588,3367.0,2752,SELL
12:02:17,ESX-FUTURE,3367.0,1004,3367.0,2336,SELL
12:02:17,ESX-FUTURE,3367.0,258,3367.0,3082,SELL
12:02:17,ESX-FUTURE,3367.0,2805,3367.0,535,SELL
12:02:19,ESX-FUTURE,3367.0,2288,3367.0,1052,SELL
12:02:20,ESX-FUTURE,3368.0,368,3368.0,2972,SELL
12:02:21,ESX-FUTURE,3368.0,144,3368.0,3196,SELL
12:02:23,ESX-FUTURE,3368.0,33,3368.0,3307,SELL
12:02:24,ESX-FUTURE,3369.0,1881,3369.0,1459,SELL
12:02:25,ESX-FUTURE,3372.0,1698,3372.0,1642,SELL
12:02:27,ESX-FUTURE,3372.0,2476,3372.0,864,SELL
12:02:28,ESX-FUTURE,3372.0,2842,3372.0,498,SELL
12:02:29,ESX-FUTURE,3372.0,2959,3372.0,381,SELL
12:02:29,ESX-FUTURE,3372.0,207,3372.0,3133,SELL
12:02:31,ESX-FUTURE,3372.0,1185,3373.0,2155,SELL
12:02:32,ESX-FUTURE,3374.0,3127,3374.0,213,SELL
12:02:32,ESX-FUTURE,3374.0,3223,3375.0,117,SELL
12:02:33,ESX-FUTURE,3374.0,1783,3374.0,1557,SELL
12:02:34,ESX-FUTURE,3374.0,584,3374.0,2756,SELL
12:02:36,ESX-FUTURE,3370.0,2624,3371.0,716,SELL
12:02:36,ESX-FUTURE,3371.0,995,3371.0,2345,SELL
12:02:38,ESX-FUTURE,3371.0,976,3371.0,2364,SELL
12:02:39,ESX-FUTURE,3370.0,3048,3371.0,292,SELL
12:02:40,ESX-FUTURE,3371.0,243,3371.0,3097,SELL
12:02:40,ESX-FUTURE,3371.0,2854,3371.0,486,SELL
12:02:42,ESX-FUTURE,3374.0,184,3374.0,3156,SELL
12:02:43,ESX-FUTURE,3374.0,1121,3374.0,2219,SELL
12:02:44,ESX-FUTURE,3374.0,527,3374.0,2813,SELL
12:02:45,ESX-FUTURE,3375.0,191,3375.0,3149,SELL
12:02:46,ESX-FUTURE,3375.0,1151,3375.0,2189,SELL
12:02:46,ESX-FUTURE,3375.0,1085,3375.0,2255,SELL
12:02:47,ESX-FUTURE,3374.0,1586,3375.0,1754,SELL
12:02:47,ESX-FUTURE,3374.0,1250,3374.0,2090,SELL
12:02:49,ESX-FUTURE,3378.0,2040,3379.0,1300,SELL
12:02:50,ESX-FUTURE,3378.0,2103,3379.0,1237,SELL
12:02:50,ESX-FUTURE,3378.0,957,3379.0,2383,SELL
12:02:52,ESX-FUTURE,3378.0,179,3378.0,3161,SELL
12:02:52,ESX-FUTURE,3378.0,2442,3378.0,898,SELL
12:02:53,ESX-FUTURE,3376.0,1812,3376.0,1528,SELL
12:02:54,ESX-FUTURE,3376.0,129,3376.0,3211,SELL
12:02:55,ESX-FUTURE,3376.0,423,3376.0,2917,SELL
12:02:56,ESX-FUTURE,3376.0,326,3376.0,3014,SELL
12:02:56,ESX-FUTURE,3376.0,327,3376.0,3013,SELL
12:02:57,ESX-FUTURE,3376.0,109,3376.0,3231,SELL
12:02:57,ESX-FUTURE,3376.0,114,3376.0,3226,SELL
12:02:58,ESX-FUTURE,3376.0,75,3376.0,3265,SELL
12:02:59,ESX-FUTURE,3376.0,530,3376.0,2810,SELL
12:03:00,ESX-FUTURE,3376.0,3037,3376.0,303,NOTHING
12:03:00,ESX-FUTURE,3376.0,3085,3376.0,255,NOTHING
12:03:01,ESX-FUTURE,3376.0,2846,3376.0,494,NOTHING
12:03:02,ESX-FUTURE,3376.0,2877,3376.0,463,NOTHING
12:03:03,ESX-FUTURE,3376.0,2873,3376.0,467,NOTHING
12:03:04,ESX-FUTURE,3376.0,2022,3376.0,1318,NOTHING
12:03:05,ESX-FUTURE,3376.0,534,3376.0,2806,NOTHING
12:03:07,ESX-FUTURE,3376.0,772,3376.0,2568,NOTHING
12:03:08,ESX-FUTURE,3376.0,773,3376.0,2567,NOTHING
12:03:09,ESX-FUTURE,3376.0,665,3376.0,2675,NOTHING
12:03:11,ESX-FUTURE,3376.0,1934,3376.0,1406,NOTHING
12:03:13,ESX-FUTURE,3376.0,1922,3376.0,1418,NOTHING
12:03:15,ESX-FUTURE,3376.0,1967,3376.0,1373,NOTHING
12:03:16,ESX-FUTURE,3376.0,1056,3376.0,2284,NOTHING
12:03:17,ESX-FUTURE,3375.0,2635,3375.0,705,NOTHING
12:03:18,ESX-FUTURE,3375.0,2031,3375.0,1309,NOTHING
12:03:19,ESX-FUTURE,3375.0,2037,3375.0,1303,NOTHING
12:03:21,ESX-FUTURE,3375.0,3238,3375.0,102,NOTHING
12:03:22,ESX-FUTURE,3375.0,1414,3375.0,1926,NOTHING
12:03:23,ESX-FUTURE,3375.0,1466,3375.0,1874,NOTHING
12:03:25,ESX-FUTURE,3375.0,2283,3375.0,1057,NOTHING
12:03:26,ESX-FUTURE,3375.0,3310,3375.0,30,NOTHING
12:03:26,ESX-FUTURE,3375.0,2204,3375.0,1136,NOTHING
12:03:26,ESX-FUTURE,3375.0,1808,3375.0,1532,NOTHING
12:03:28,ESX-FUTURE,3375.0,1400,3375.0,1940,NOTHING
12:03:28,ESX-FUTURE,3375.0,182,3375.0,3158,NOTHING
12:03:30,ESX-FUTURE,3375.0,3231,3375.0,109,NOTHING
12:03:30,ESX-FUTURE,3375.0,3139,3375.0,201,NOTHING
12:03:32,ESX-FUTURE,3375.0,1141,3375.0,2199,NOTHING
12:03:33,ESX-FUTURE,3375.0,1027,3375.0,2313,NOTHING
12:03:34,ESX-FUTURE,3375.0,2199,3375.0,1141,NOTHING
12:03:35,ESX-FUTURE,3374.0,91,3375.0,3249,NOTHING
12:03:36,ESX-FUTURE,3374.0,706,3375.0,2634,NOTHING
12:03:36,ESX-FUTURE,3374.0,1410,3375.0,1930,NOTHING
12:03:37,ESX-FUTURE,3374.0,1806,3375.0,1534,NOTHING
12:03:38,ESX-FUTURE,3374.0,1000,3375.0,2340,NOTHING
12:03:39,ESX-FUTURE,3374.0,950,3375.0,2390,NOTHING
12:03:40,ESX-FUTURE,3374.0,628,3375.0,2712,NOTHING
12:03:40,ESX-FUTURE,3374.0,360,3375.0,2980,NOTHING
12:03:42,ESX-FUTURE,3374.0,1931,3374.0,1409,NOTHING
12:03:42,ESX-FUTURE,3374.0,1635,3374.0,1705,NOTHING
12:03:43,ESX-FUTURE,3374.0,2054,3374.0,1286,NOTHING
12:03:44,ESX-FUTURE,3374.0,1359,3374.0,1981,NOTHING
12:03:45,ESX-FUTURE,3371.0,963,3371.0,2377,NOTHING
12:03:46,ESX-FUTURE,3371.0,911,3371.0,2429,NOTHING
12:03:48,ESX-FUTURE,3371.0,660,3371.0,2680,NOTHING
12:03:49,ESX-FUTURE,3372.0,2293,3373.0,1047,NOTHING
12:03:49,ESX-FUTURE,3373.0,56,3373.0,3284,NOTHING
12:03:51,ESX-FUTURE,3373.0,2391,3374.0,949,NOTHING
12:03:51,ESX-FUTURE,3373.0,2838,3374.0,502,NOTHING
12:03:53,ESX-FUTURE,3373.0,732,3373.0,2608,NOTHING
12:03:54,ESX-FUTURE,3373.0,448,3373.0,2892,NOTHING
12:03:56,ESX-FUTURE,3373.0,78,3373.0,3262,NOTHING
12:03:56,ESX-FUTURE,3372.0,2261,3373.0,1079,NOTHING
12:03:57,ESX-FUTURE,3372.0,3245,3373.0,95,NOTHING
12:03:59,ESX-FUTURE,3372.0,1727,3372.0,1613,NOTHING
12:03:59,ESX-FUTURE,3372.0,141,3372.0,3199,NOTHING
12:04:01,ESX-FUTURE,3372.0,722,3372.0,2618,NOTHING
12:04:02,ESX-FUTURE,3372.0,3020,3372.0,320,NOTHING
12:04:03,ESX-FUTURE,3372.0,1103,3372.0,2237,NOTHING
12:04:04,ESX-FUTURE,3372.0,1043,3372.0,2297,NOTHING
12:04:06,ESX-FUTURE,3372.0,2642,3373.0,698,NOTHING
12:04:07,ESX-FUTURE,3372.0,877,3373.0,2463,NOTHING
12:04:08,ESX-FUTURE,3372.0,1013,3373.0,2327,NOTHING
12:04:10,ESX-FUTURE,3372.0,811,3373.0,2529,NOTHING
12:04:10,ESX-FUTURE,3372.0,3076,3373.0,264,NOTHING
12:04:11,ESX-FUTURE,3372.0,2987,3373.0,353,NOTHING
12:04:12,ESX-FUTURE,3373.0,2078,3373.0,1262,NOTHING
12:04:13,ESX-FUTURE,3373.0,2179,3373.0,1161,NOTHING
12:04:14,ESX-FUTURE,3373.0,1364,3373.0,1976,NOTHING
12:04:14,ESX-FUTURE,3373.0,2527,3373.0,813,NOTHING
12:04:16,ESX-FUTURE,3373.0,2286,3373.0,1054,NOTHING
12:04:16,ESX-FUTURE,3373.0,1802,3373.0,1538,NOTHING
12:04:18,ESX-FUTURE,3373.0,474,3373.0,2866,NOTHING
12:04:19,ESX-FUTURE,3373.0,886,3373.0,2454,NOTHING
12:04:21,ESX-FUTURE,3373.0,1881,3373.0,1459,NOTHING
12:04:21,ESX-FUTURE,3373.0,578,3373.0,2762,NOTHING
12:04:22,ESX-FUTURE,3373.0,2431,3373.0,909,NOTHING
12:04:24,ESX-FUTURE,3373.0,2449,3373.0,891,NOTHING
12:04:25,ESX-FUTURE,3373.0,1372,3373.0,1968,NOTHING
12:04:26,ESX-FUTURE,3373.0,1565,3373.0,1775,NOTHING
12:04:28,ESX-FUTURE,3373.0,1332,3373.0,2008,NOTHING
12:04:29,ESX-FUTURE,3373.0,285,3373.0,3055,NOTHING
12:04:30,ESX-FUTURE,3373.0,1154,3373.0,2186,NOTHING
12:04:32,ESX-FUTURE,3372.0,2269,3372.0,1071,NOTHING
12:04:34,ESX-FUTURE,3372.0,2059,3372.0,1281,NOTHING
12:04:35,ESX-FUTURE,3371.0,2775,3372.0,565,NOTHING
12:04:37,ESX-FUTURE,3371.0,2530,3372.0,810,NOTHING
12:04:38,ESX-FUTURE,3372.0,1191,3372.0,2149,NOTHING
12:04:39,ESX-FUTURE,3372.0,2056,3372.0,1284,NOTHING
12:04:39,ESX-FUTURE,3371.0,3109,3371.0,231,NOTHING
12:04:40,ESX-FUTURE,3371.0,1068,3371.0,2272,NOTHING
12:04:42,ESX-FUTURE,3371.0,798,3371.0,2542,NOTHING
12:04:43,ESX-FUTURE,3371.0,884,3371.0,2456,NOTHING
12:04:44,ESX-FUTURE,3370.0,2806,3370.0,534,NOTHING
12:04:45,ESX-FUTURE,3368.0,671,3368.0,2669,NOTHING
12:04:46,ESX-FUTURE,3367.0,2816,3368.0,524,NOTHING
12:04:47,ESX-FUTURE,3367.0,2581,3368.0,759,NOTHING
12:04:48,ESX-FUTURE,3366.0,2066,3366.0,1274,NOTHING
12:04:49,ESX-FUTURE,3366.0,2027,3366.0,1313,NOTHING
12:04:50,ESX-FUTURE,3366.0,2011,3366.0,1329,NOTHING
12:04:50,ESX-FUTURE,3366.0,1079,3366.0,2261,NOTHING
12:04:51,ESX-FUTURE,3363.0,2683,3364.0,657,NOTHING
12:04:53,ESX-FUTURE,3364.0,3011,3364.0,329,NOTHING
12:04:54,ESX-FUTURE,3364.0,1617,3364.0,1723,NOTHING
12:04:55,ESX-FUTURE,3364.0,1636,3364.0,1704,NOTHING
12:04:56,ESX-FUTURE,3364.0,1639,3364.0,1701,NOTHING
12:04:57,ESX-FUTURE,3364.0,1577,3364.0,1763,NOTHING
12:04:58,ESX-FUTURE,3364.0,710,3364.0,2630,NOTHING
12:05:00,ESX-FUTURE,3364.0,746,3364.0,2594,BUY
12:05:01,ESX-FUTURE,3363.0,2705,3364.0,635,BUY
12:05:02,ESX-FUTURE,3363.0,1989,3364.0,1351,BUY
12:05:02,ESX-FUTURE,3364.0,220,3365.0,3120,BUY
12:05:03,ESX-FUTURE,3364.0,573,3365.0,2767,BUY
12:05:04,ESX-FUTURE,3364.0,745,3365.0,2595,BUY
12:05:05,ESX-FUTURE,3364.0,684,3365.0,2656,BUY
12:05:06,ESX-FUTURE,3363.0,2663,3363.0,677,BUY
12:05:07,ESX-FUTURE,3363.0,2667,3363.0,673,BUY
12:05:10,ESX-FUTURE,3363.0,2260,3363.0,1080,BUY
12:05:12,ESX-FUTURE,3363.0,1517,3363.0,1823,BUY
12:05:12,ESX-FUTURE,3366.0,98,3366.0,3242,BUY
12:05:12,ESX-FUTURE,3367.0,3011,3367.0,329,BUY
12:05:13,ESX-FUTURE,3367.0,2454,3367.0,886,BUY
12:05:13,ESX-FUTURE,3367.0,146,3368.0,3194,BUY
12:05:14,ESX-FUTURE,3367.0,2363,3367.0,977,BUY
12:05:14,ESX-FUTURE,3367.0,2383,3367.0,957,BUY
12:05:14,ESX-FUTURE,3367.0,963,3367.0,2377,BUY
12:05:15,ESX-FUTURE,3366.0,3038,3367.0,302,BUY
12:05:15,ESX-FUTURE,3366.0,2329,3366.0,1011,BUY
12:05:17,ESX-FUTURE,3366.0,2229,3366.0,1111,BUY
12:05:18,ESX-FUTURE,3366.0,2226,3366.0,1114,BUY
12:05:20,ESX-FUTURE,3367.0,2255,3367.0,1085,BUY
12:05:21,ESX-FUTURE,3367.0,1557,3367.0,1783,BUY
12:05:22,ESX-FUTURE,3367.0,1732,3367.0,1608,BUY
12:05:23,ESX-FUTURE,3367.0,1637,3367.0,1703,BUY
12:05:24,ESX-FUTURE,3368.0,77,3368.0,3263,BUY
12:05:25,ESX-FUTURE,3367.0,3133,3367.0,207,BUY
12:05:26,ESX-FUTURE,3367.0,1769,3367.0,1571,BUY
12:05:27,ESX-FUTURE,3368.0,1062,3368.0,2278,BUY
12:05:27,ESX-FUTURE,3368.0,1690,3368.0,1650,BUY
12:05:27,ESX-FUTURE,3368.0,2699,3368.0,641,BUY
12:05:29,ESX-FUTURE,3368.0,2417,3368.0,923,BUY
12:05:30,ESX-FUTURE,3368.0,192,3368.0,3148,BUY
12:05:30,ESX-FUTURE,3367.0,702,3367.0,2638,BUY
12:05:32,ESX-FUTURE,3367.0,2869,3367.0,471,BUY
12:05:34,ESX-FUTURE,3367.0,742,3367.0,2598,BUY
12:05:35,ESX-FUTURE,3368.0,1947,3368.0,1393,BUY
12:05:36,ESX-FUTURE,3367.0,3278,3368.0,62,BUY
12:05:37,ESX-FUTURE,3367.0,1835,3368.0,1505,BUY
12:05:38,ESX-FUTURE,3367.0,2308,3368.0,1032,BUY
12:05:39,ESX-FUTURE,3367.0,2542,3368.0,798,BUY
12:05:40,ESX-FUTURE,3367.0,772,3368.0,2568,BUY
12:05:42,ESX-FUTURE,3367.0,2594,3367.0,746,BUY
12:05:43,ESX-FUTURE,3367.0,1550,3367.0,1790,BUY
12:05:44,ESX-FUTURE,3367.0,1463,3367.0,1877,BUY
12:05:45,ESX-FUTURE,3367.0,2175,3368.0,1165,BUY
12:05:47,ESX-FUTURE,3367.0,2304,3368.0,1036,BUY
12:05:48,ESX-FUTURE,3367.0,21,3368.0,3319,BUY
12:05:50,ESX-FUTURE,3367.0,955,3368.0,2385,BUY
12:05:51,ESX-FUTURE,3367.0,1390,3368.0,1950,BUY
12:05:51,ESX-FUTURE,3368.0,765,3368.0,2575,BUY
12:05:52,ESX-FUTURE,3368.0,951,3368.0,2389,BUY
12:05:53,ESX-FUTURE,3368.0,133,3368.0,3207,BUY
12:05:54,ESX-FUTURE,3366.0,2557,3367.0,783,BUY
12:05:55,ESX-FUTURE,3366.0,2675,3367.0,665,BUY
12:05:55,ESX-FUTURE,3366.0,3317,3367.0,23,BUY
12:05:56,ESX-FUTURE,3366.0,3321,3367.0,19,BUY
12:05:57,ESX-FUTURE,3367.0,191,3367.0,3149,BUY
12:05:58,ESX-FUTURE,3367.0,50,3367.0,3290,BUY
12:05:59,ESX-FUTURE,3367.0,41,3367.0,3299,BUY
12:06:00,ESX-FUTURE,3367.0,435,3367.0,2905,NOTHING
12:06:00,ESX-FUTURE,3367.0,426,3367.0,2914,NOTHING
12:06:01,ESX-FUTURE,3367.0,601,3367.0,2739,NOTHING
12:06:03,ESX-FUTURE,3367.0,987,3367.0,2353,NOTHING
12:06:04,ESX-FUTURE,3367.0,282,3367.0,3058,NOTHING
12:06:04,ESX-FUTURE,3369.0,291,3369.0,3049,NOTHING
12:06:06,ESX-FUTURE,3369.0,288,3369.0,3052,NOTHING
12:06:07,ESX-FUTURE,3369.0,2740,3369.0,600,NOTHING
12:06:07,ESX-FUTURE,3369.0,3282,3370.0,58,NOTHING
12:06:08,ESX-FUTURE,3369.0,3213,3370.0,127,NOTHING
12:06:10,ESX-FUTURE,3369.0,3211,3370.0,129,NOTHING
12:06:11,ESX-FUTURE,3369.0,3208,3370.0,132,NOTHING
12:06:12,ESX-FUTURE,3369.0,2795,3370.0,545,NOTHING
12:06:14,ESX-FUTURE,3369.0,2761,3370.0,579,NOTHING
12:06:14,ESX-FUTURE,3369.0,3026,3370.0,314,NOTHING
12:06:16,ESX-FUTURE,3369.0,3024,3370.0,316,NOTHING
12:06:17,ESX-FUTURE,3370.0,816,3370.0,2524,NOTHING
12:06:17,ESX-FUTURE,3370.0,2360,3370.0,980,NOTHING
12:06:18,ESX-FUTURE,3370.0,3188,3370.0,152,NOTHING
12:06:19,ESX-FUTURE,3370.0,2658,3370.0,682,NOTHING
12:06:20,ESX-FUTURE,3370.0,2531,3370.0,809,NOTHING
12:06:21,ESX-FUTURE,3372.0,407,3372.0,2933,NOTHING
12:06:23,ESX-FUTURE,3372.0,2718,3372.0,622,NOTHING
12:06:24,ESX-FUTURE,3372.0,1183,3372.0,2157,NOTHING
12:06:24,ESX-FUTURE,3371.0,1077,3372.0,2263,NOTHING
12:06:25,ESX-FUTURE,3371.0,985,3372.0,2355,NOTHING
12:06:26,ESX-FUTURE,3371.0,932,3372.0,2408,NOTHING
12:06:27,ESX-FUTURE,3371.0,2203,3371.0,1137,NOTHING
12:06:28,ESX-FUTURE,3371.0,874,3371.0,2466,NOTHING
12:06:29,ESX-FUTURE,3371.0,1774,3371.0,1566,NOTHING
12:06:30,ESX-FUTURE,3371.0,1699,3371.0,1641,NOTHING
12:06:31,ESX-FUTURE,3371.0,3057,3371.0,283,NOTHING
12:06:32,ESX-FUTURE,3371.0,2583,3371.0,757,NOTHING
12:06:33,ESX-FUTURE,3371.0,3084,3371.0,256,NOTHING
12:06:34,ESX-FUTURE,3371.0,2995,3371.0,345,NOTHING
12:06:35,ESX-FUTURE,3370.0,2442,3370.0,898,NOTHING
12:06:36,ESX-FUTURE,3370.0,2397,3370.0,943,NOTHING
12:06:37,ESX-FUTURE,3370.0,2782,3370.0,558,NOTHING
12:06:38,ESX-FUTURE,3369.0,1949,3370.0,1391,NOTHING
12:06:38,ESX-FUTURE,3370.0,553,3370.0,2787,NOTHING
12:06:39,ESX-FUTURE,3370.0,1957,3371.0,1383,NOTHING
12:06:41,ESX-FUTURE,3371.0,2040,3371.0,1300,NOTHING
12:06:42,ESX-FUTURE,3371.0,299,3371.0,3041,NOTHING
12:06:43,ESX-FUTURE,3371.0,233,3371.0,3107,NOTHING
12:06:44,ESX-FUTURE,3371.0,273,3371.0,3067,NOTHING
12:06:45,ESX-FUTURE,3371.0,17,3371.0,3323,NOTHING
12:06:46,ESX-FUTURE,3372.0,790,3372.0,2550,NOTHING
12:06:48,ESX-FUTURE,3372.0,734,3372.0,2606,NOTHING
12:06:49,ESX-FUTURE,3372.0,1330,3372.0,2010,NOTHING
12:06:50,ESX-FUTURE,3373.0,1731,3373.0,1609,NOTHING
12:06:51,ESX-FUTURE,3373.0,1146,3373.0,2194,NOTHING
12:06:52,ESX-FUTURE,3372.0,2063,3373.0,1277,NOTHING
12:06:53,ESX-FUTURE,3368.0,533,3369.0,2807,NOTHING
12:06:53,ESX-FUTURE,3368.0,1266,3368.0,2074,NOTHING
12:06:54,ESX-FUTURE,3368.0,1330,3368.0,2010,NOTHING
12:06:56,ESX-FUTURE,3368.0,3100,3368.0,240,NOTHING
12:06:56,ESX-FUTURE,3368.0,2345,3368.0,995,NOTHING
12:06:57,ESX-FUTURE,3368.0,1652,3368.0,1688,NOTHING
12:06:59,ESX-FUTURE,3369.0,2894,3369.0,446,NOTHING
12:06:59,ESX-FUTURE,3369.0,3088,3369.0,252,NOTHING
12:07:00,ESX-FUTURE,3369.0,1998,3369.0,1342,NOTHING
12:07:00,ESX-FUTURE,3369.0,2924,3369.0,416,NOTHING
12:07:01,ESX-FUTURE,3369.0,3211,3369.0,129,NOTHING
12:07:03,ESX-FUTURE,3371.0,2489,3371.0,851,NOTHING
12:07:04,ESX-FUTURE,3371.0,1073,3371.0,2267,NOTHING
12:07:05,ESX-FUTURE,3371.0,1048,3371.0,2292,NOTHING
12:07:06,ESX-FUTURE,3371.0,1268,3372.0,2072,NOTHING
12:07:07,ESX-FUTURE,3371.0,1736,3372.0,1604,NOTHING
12:07:09,ESX-FUTURE,3371.0,1739,3372.0,1601,NOTHING
12:07:10,ESX-FUTURE,3371.0,2526,3371.0,814,NOTHING
12:07:11,ESX-FUTURE,3371.0,2529,3371.0,811,NOTHING
12:07:12,ESX-FUTURE,3371.0,1083,3371.0,2257,NOTHING
12:07:13,ESX-FUTURE,3371.0,359,3371.0,2981,NOTHING
12:07:14,ESX-FUTURE,3371.0,1502,3371.0,1838,NOTHING
12:07:16,ESX-FUTURE,3370.0,244,3370.0,3096,NOTHING
12:07:17,ESX-FUTURE,3373.0,3009,3373.0,331,NOTHING
12:07:18,ESX-FUTURE,3373.0,2036,3373.0,1304,NOTHING
12:07:19,ESX-FUTURE,3373.0,1704,3373.0,1636,NOTHING
12:07:19,ESX-FUTURE,3373.0,2991,3373.0,349,NOTHING
12:07:21,ESX-FUTURE,3373.0,2730,3373.0,610,NOTHING
12:07:22,ESX-FUTURE,3373.0,3055,3373.0,285,NOTHING
12:07:24,ESX-FUTURE,3373.0,1945,3374.0,1395,NOTHING
12:07:24,ESX-FUTURE,3374.0,368,3374.0,2972,NOTHING
12:07:24,ESX-FUTURE,3374.0,2723,3374.0,617,NOTHING
12:07:25,ESX-FUTURE,3373.0,78,3374.0,3262,NOTHING
12:07:26,ESX-FUTURE,3374.0,120,3374.0,3220,NOTHING
12:07:27,ESX-FUTURE,3373.0,3212,3374.0,128,NOTHING
12:07:29,ESX-FUTURE,3372.0,1287,3372.0,2053,NOTHING
12:07:30,ESX-FUTURE,3372.0,2373,3372.0,967,NOTHING
12:07:30,ESX-FUTURE,3372.0,1299,3372.0,2041,NOTHING
12:07:32,ESX-FUTURE,3372.0,633,3372.0,2707,NOTHING
12:07:32,ESX-FUTURE,3375.0,1112,3375.0,2228,NOTHING
12:07:33,ESX-FUTURE,3375.0,615,3375.0,2725,NOTHING
12:07:34,ESX-FUTURE,3375.0,668,3375.0,2672,NOTHING
12:07:35,ESX-FUTURE,3375.0,2894,3375.0,446,NOTHING
12:07:36,ESX-FUTURE,3375.0,1827,3375.0,1513,NOTHING
12:07:37,ESX-FUTURE,3375.0,2048,3375.0,1292,NOTHING
12:07:38,ESX-FUTURE,3375.0,2505,3375.0,835,NOTHING
12:07:39,ESX-FUTURE,3375.0,914,3375.0,2426,NOTHING
12:07:40,ESX-FUTURE,3375.0,363,3376.0,2977,NOTHING
12:07:41,ESX-FUTURE,3376.0,1401,3376.0,1939,NOTHING
12:07:42,ESX-FUTURE,3376.0,1536,3376.0,1804,NOTHING
12:07:44,ESX-FUTURE,3375.0,1458,3375.0,1882,NOTHING
12:07:45,ESX-FUTURE,3375.0,1676,3375.0,1664,NOTHING
12:07:45,ESX-FUTURE,3375.0,1390,3375.0,1950,NOTHING
12:07:47,ESX-FUTURE,3375.0,1404,3375.0,1936,NOTHING
12:07:48,ESX-FUTURE,3375.0,3175,3375.0,165,NOTHING
12:07:49,ESX-FUTURE,3375.0,90,3375.0,3250,NOTHING
12:07:49,ESX-FUTURE,3375.0,157,3375.0,3183,NOTHING
12:07:50,ESX-FUTURE,3375.0,3325,3375.0,15,NOTHING
12:07:51,ESX-FUTURE,3375.0,241,3375.0,3099,NOTHING
12:07:52,ESX-FUTURE,3375.0,78,3375.0,3262,NOTHING
12:07:54,ESX-FUTURE,3374.0,2710,3375.0,630,NOTHING
12:07:55,ESX-FUTURE,3374.0,1547,3375.0,1793,NOTHING
12:07:56,ESX-FUTURE,3374.0,2490,3375.0,850,NOTHING
12:07:57,ESX-FUTURE,3374.0,1348,3375.0,1992,NOTHING
12:07:58,ESX-FUTURE,3374.0,443,3375.0,2897,NOTHING
12:07:59,ESX-FUTURE,3374.0,2859,3374.0,481,NOTHING
12:08:00,ESX-FUTURE,3373.0,3233,3374.0,107,NOTHING
12:08:01,ESX-FUTURE,3374.0,2088,3374.0,1252,NOTHING
12:08:02,ESX-FUTURE,3373.0,53,3374.0,3287,NOTHING
12:08:03,ESX-FUTURE,3373.0,956,3374.0,2384,NOTHING
12:08:04,ESX-FUTURE,3373.0,1672,3374.0,1668,NOTHING
12:08:04,ESX-FUTURE,3373.0,1356,3374.0,1984,NOTHING
12:08:05,ESX-FUTURE,3374.0,303,3374.0,3037,NOTHING
12:08:06,ESX-FUTURE,3374.0,3139,3374.0,201,NOTHING
12:08:08,ESX-FUTURE,3374.0,3163,3374.0,177,NOTHING
12:08:08,ESX-FUTURE,3374.0,2774,3374.0,566,NOTHING
12:08:09,ESX-FUTURE,3374.0,2733,3374.0,607,NOTHING
12:08:10,ESX-FUTURE,3374.0,2030,3374.0,1310,NOTHING
12:08:10,ESX-FUTURE,3374.0,2923,3374.0,417,NOTHING
12:08:10,ESX-FUTURE,3373.0,1475,3374.0,1865,NOTHING
12:08:11,ESX-FUTURE,3373.0,1756,3373.0,1584,NOTHING
12:08:12,ESX-FUTURE,3373.0,1155,3373.0,2185,NOTHING
12:08:14,ESX-FUTURE,3373.0,989,3373.0,2351,NOTHING
12:08:15,ESX-FUTURE,3374.0,369,3374.0,2971,NOTHING
12:08:15,ESX-FUTURE,3374.0,816,3374.0,2524,NOTHING
12:08:15,ESX-FUTURE,3374.0,620,3374.0,2720,NOTHING
12:08:17,ESX-FUTURE,3374.0,1593,3374.0,1747,NOTHING
12:08:19,ESX-FUTURE,3374.0,1761,3374.0,1579,NOTHING
12:08:19,ESX-FUTURE,3374.0,2467,3374.0,873,NOTHING
12:08:20,ESX-FUTURE,3374.0,116,3374.0,3224,NOTHING
12:08:21,ESX-FUTURE,3374.0,1810,3374.0,1530,NOTHING
12:08:22,ESX-FUTURE,3374.0,2592,3374.0,748,NOTHING
12:08:24,ESX-FUTURE,3374.0,1575,3374.0,1765,NOTHING
12:08:26,ESX-FUTURE,3370.0,714,3370.0,2626,NOTHING
12:08:26,ESX-FUTURE,3370.0,431,3370.0,2909,NOTHING
12:08:27,ESX-FUTURE,3370.0,293,3370.0,3047,NOTHING
12:08:28,ESX-FUTURE,3370.0,179,3370.0,3161,NOTHING
12:08:30,ESX-FUTURE,3370.0,2399,3370.0,941,NOTHING
12:08:30,ESX-FUTURE,3370.0,2025,3370.0,1315,NOTHING
12:08:30,ESX-FUTURE,3370.0,2402,3370.0,938,NOTHING
12:08:31,ESX-FUTURE,3370.0,3157,3370.0,183,NOTHING
12:08:32,ESX-FUTURE,3370.0,2513,3370.0,827,NOTHING
12:08:33,ESX-FUTURE,3370.0,1061,3370.0,2279,NOTHING
12:08:34,ESX-FUTURE,3366.0,2451,3367.0,889,NOTHING
12:08:35,ESX-FUTURE,3367.0,1683,3367.0,1657,NOTHING
12:08:36,ESX-FUTURE,3367.0,1873,3367.0,1467,NOTHING
12:08:38,ESX-FUTURE,3367.0,3019,3367.0,321,NOTHING
12:08:39,ESX-FUTURE,3368.0,2261,3369.0,1079,NOTHING
12:08:40,ESX-FUTURE,3368.0,882,3369.0,2458,NOTHING
12:08:41,ESX-FUTURE,3368.0,1012,3369.0,2328,NOTHING
12:08:42,ESX-FUTURE,3368.0,551,3369.0,2789,NOTHING
12:08:43,ESX-FUTURE,3369.0,686,3369.0,2654,NOTHING
12:08:44,ESX-FUTURE,3369.0,1426,3369.0,1914,NOTHING
12:08:45,ESX-FUTURE,3369.0,1213,3369.0,2127,NOTHING
12:08:46,ESX-FUTURE,3369.0,504,3369.0,2836,NOTHING
12:08:46,ESX-FUTURE,3370.0,1984,3371.0,1356,NOTHING
12:08:47,ESX-FUTURE,3370.0,2800,3371.0,540,NOTHING
12:08:49,ESX-FUTURE,3370.0,2420,3371.0,920,NOTHING
12:08:50,ESX-FUTURE,3370.0,2416,3371.0,924,NOTHING
12:08:51,ESX-FUTURE,3372.0,1636,3372.0,1704,NOTHING
12:08:52,ESX-FUTURE,3372.0,1410,3372.0,1930,NOTHING
12:08:53,ESX-FUTURE,3372.0,1063,3372.0,2277,NOTHING
12:08:53,ESX-FUTURE,3372.0,2247,3372.0,1093,NOTHING
12:08:54,ESX-FUTURE,3372.0,2918,3372.0,422,NOTHING
12:08:55,ESX-FUTURE,3372.0,2643,3372.0,697,NOTHING
12:08:55,ESX-FUTURE,3372.0,2448,3372.0,892,NOTHING
12:08:57,ESX-FUTURE,3372.0,2934,3372.0,406,NOTHING
12:08:57,ESX-FUTURE,3372.0,2498,3372.0,842,NOTHING
12:08:59,ESX-FUTURE,3372.0,2521,3372.0,819,NOTHING
12:09:00,ESX-FUTURE,3371.0,260,3372.0,3080,NOTHING
12:09:00,ESX-FUTURE,3371.0,1628,3372.0,1712,NOTHING
12:09:02,ESX-FUTURE,3371.0,3328,3371.0,12,NOTHING
12:09:03,ESX-FUTURE,3371.0,204,3371.0,3136,NOTHING
12:09:03,ESX-FUTURE,3371.0,2439,3371.0,901,NOTHING
12:09:04,ESX-FUTURE,3371.0,2109,3371.0,1231,NOTHING
12:09:05,ESX-FUTURE,3371.0,940,3372.0,2400,NOTHING
12:09:06,ESX-FUTURE,3371.0,645,3372.0,2695,NOTHING
12:09:07,ESX-FUTURE,3371.0,2966,3371.0,374,NOTHING
12:09:08,ESX-FUTURE,3371.0,1451,3371.0,1889,NOTHING
12:09:09,ESX-FUTURE,3371.0,1151,3371.0,2189,NOTHING
12:09:10,ESX-FUTURE,3371.0,2444,3372.0,896,NOTHING
12:09:12,ESX-FUTURE,3373.0,1901,3373.0,1439,NOTHING
12:09:14,ESX-FUTURE,3374.0,2699,3374.0,641,NOTHING
12:09:15,ESX-FUTURE,3374.0,2337,3374.0,1003,NOTHING
12:09:15,ESX-FUTURE,3374.0,2081,3374.0,1259,NOTHING
12:09:17,ESX-FUTURE,3374.0,2988,3374.0,352,NOTHING
12:09:18,ESX-FUTURE,3373.0,1181,3374.0,2159,NOTHING
12:09:19,ESX-FUTURE,3373.0,1362,3374.0,1978,NOTHING
12:09:20,ESX-FUTURE,3373.0,2363,3374.0,977,NOTHING
12:09:21,ESX-FUTURE,3373.0,1118,3374.0,2222,NOTHING
12:09:22,ESX-FUTURE,3373.0,1226,3374.0,2114,NOTHING
12:09:23,ESX-FUTURE,3373.0,1228,3374.0,2112,NOTHING
12:09:24,ESX-FUTURE,3372.0,176,3372.0,3164,NOTHING
12:09:25,ESX-FUTURE,3372.0,1614,3372.0,1726,NOTHING
12:09:26,ESX-FUTURE,3372.0,1182,3372.0,2158,NOTHING
12:09:27,ESX-FUTURE,3372.0,1448,3372.0,1892,NOTHING
12:09:28,ESX-FUTURE,3372.0,1809,3372.0,1531,NOTHING
12:09:30,ESX-FUTURE,3372.0,2516,3372.0,824,NOTHING
12:09:30,ESX-FUTURE,3372.0,2722,3372.0,618,NOTHING
12:09:33,ESX-FUTURE,3372.0,171,3372.0,3169,NOTHING
12:09:34,ESX-FUTURE,3371.0,2989,3371.0,351,NOTHING
12:09:36,ESX-FUTURE,3371.0,971,3371.0,2369,NOTHING
12:09:38,ESX-FUTURE,3370.0,2680,3371.0,660,NOTHING
12:09:38,ESX-FUTURE,3370.0,2470,3371.0,870,NOTHING
12:09:40,ESX-FUTURE,3371.0,2859,3371.0,481,NOTHING
12:09:40,ESX-FUTURE,3370.0,2680,3371.0,660,NOTHING
12:09:41,ESX-FUTURE,3370.0,1809,3371.0,1531,NOTHING
12:09:43,ESX-FUTURE,3370.0,1484,3371.0,1856,NOTHING
12:09:44,ESX-FUTURE,3371.0,2977,3372.0,363,NOTHING
12:09:45,ESX-FUTURE,3371.0,1597,3371.0,1743,NOTHING
12:09:46,ESX-FUTURE,3374.0,437,3374.0,2903,NOTHING
12:09:47,ESX-FUTURE,3374.0,913,3374.0,2427,NOTHING
12:09:48,ESX-FUTURE,3373.0,72,3373.0,3268,NOTHING
12:09:49,ESX-FUTURE,3373.0,1039,3373.0,2301,NOTHING
12:09:51,ESX-FUTURE,3373.0,1272,3373.0,2068,NOTHING
12:09:51,ESX-FUTURE,3373.0,952,3373.0,2388,NOTHING
12:09:52,ESX-FUTURE,3373.0,1557,3373.0,1783,NOTHING
12:09:52,ESX-FUTURE,3373.0,1204,3373.0,2136,NOTHING
12:09:53,ESX-FUTURE,3373.0,1157,3373.0,2183,NOTHING
12:09:54,ESX-FUTURE,3373.0,1604,3373.0,1736,NOTHING
12:09:55,ESX-FUTURE,3373.0,1303,3373.0,2037,NOTHING
12:09:56,ESX-FUTURE,3373.0,86,3373.0,3254,NOTHING
12:09:57,ESX-FUTURE,3373.0,132,3373.0,3208,NOTHING
12:09:58,ESX-FUTURE,3373.0,2596,3373.0,744,NOTHING
12:09:58,ESX-FUTURE,3373.0,1964,3374.0,1376,NOTHING
12:09:59,ESX-FUTURE,3373.0,268,3374.0,3072,NOTHING
12:10:00,ESX-FUTURE,3373.0,392,3374.0,2948,NOTHING
12:10:00,ESX-FUTURE,3373.0,395,3374.0,2945,NOTHING
12:10:01,ESX-FUTURE,3373.0,506,3374.0,2834,NOTHING
12:10:01,ESX-FUTURE,3373.0,509,3374.0,2831,NOTHING
12:10:02,ESX-FUTURE,3374.0,1168,3374.0,2172,NOTHING
12:10:04,ESX-FUTURE,3374.0,582,3374.0,2758,NOTHING
12:10:04,ESX-FUTURE,3374.0,900,3374.0,2440,NOTHING
12:10:05,ESX-FUTURE,3374.0,598,3374.0,2742,NOTHING
12:10:06,ESX-FUTURE,3374.0,199,3374.0,3141,NOTHING
12:10:06,ESX-FUTURE,3374.0,35,3374.0,3305,NOTHING
12:10:07,ESX-FUTURE,3374.0,981,3374.0,2359,NOTHING
12:10:09,ESX-FUTURE,3374.0,2720,3374.0,620,NOTHING
12:10:09,ESX-FUTURE,3374.0,2267,3374.0,1073,NOTHING
12:10:11,ESX-FUTURE,3374.0,2314,3374.0,1026,NOTHING
12:10:11,ESX-FUTURE,3374.0,2382,3374.0,958,NOTHING
12:10:13,ESX-FUTURE,3374.0,2838,3374.0,502,NOTHING
12:10:14,ESX-FUTURE,3374.0,2394,3374.0,946,NOTHING
12:10:15,ESX-FUTURE,3374.0,1566,3374.0,1774,NOTHING
12:10:16,ESX-FUTURE,3374.0,1039,3374.0,2301,NOTHING
12:10:17,ESX-FUTURE,3372.0,3061,3373.0,279,NOTHING
12:10:18,ESX-FUTURE,3372.0,2675,3373.0,665,NOTHING
12:10:18,ESX-FUTURE,3373.0,1269,3373.0,2071,NOTHING
12:10:20,ESX-FUTURE,3373.0,2224,3374.0,1116,NOTHING
12:10:21,ESX-FUTURE,3373.0,47,3374.0,3293,NOTHING
12:10:21,ESX-FUTURE,3373.0,1897,3373.0,1443,NOTHING
12:10:22,ESX-FUTURE,3373.0,1917,3373.0,1423,NOTHING
12:10:23,ESX-FUTURE,3373.0,1940,3373.0,1400,NOTHING
12:10:24,ESX-FUTURE,3373.0,1936,3373.0,1404,NOTHING
12:10:24,ESX-FUTURE,3373.0,405,3374.0,2935,NOTHING
12:10:26,ESX-FUTURE,3373.0,1006,3373.0,2334,NOTHING
12:10:28,ESX-FUTURE,3373.0,1294,3373.0,2046,NOTHING
12:10:29,ESX-FUTURE,3374.0,986,3374.0,2354,NOTHING
12:10:30,ESX-FUTURE,3374.0,964,3374.0,2376,NOTHING
12:10:31,ESX-FUTURE,3374.0,933,3374.0,2407,NOTHING
12:10:32,ESX-FUTURE,3374.0,1320,3374.0,2020,NOTHING
12:10:34,ESX-FUTURE,3374.0,1976,3374.0,1364,NOTHING
12:10:35,ESX-FUTURE,3374.0,1351,3374.0,1989,NOTHING
12:10:35,ESX-FUTURE,3374.0,1595,3374.0,1745,NOTHING
12:10:35,ESX-FUTURE,3374.0,1326,3374.0,2014,NOTHING
12:10:37,ESX-FUTURE,3374.0,2962,3374.0,378,NOTHING
12:10:38,ESX-FUTURE,3375.0,2268,3375.0,1072,NOTHING
12:10:39,ESX-FUTURE,3376.0,2069,3376.0,1271,NOTHING
12:10:39,ESX-FUTURE,3376.0,1235,3376.0,2105,NOTHING
12:10:41,ESX-FUTURE,3376.0,1325,3376.0,2015,NOTHING
12:10:43,ESX-FUTURE,3376.0,1318,3376.0,2022,NOTHING
12:10:45,ESX-FUTURE,3375.0,3000,3376.0,340,NOTHING
12:10:46,ESX-FUTURE,3375.0,2842,3376.0,498,NOTHING
12:10:47,ESX-FUTURE,3375.0,2895,3376.0,445,NOTHING
12:10:48,ESX-FUTURE,3375.0,2156,3376.0,1184,NOTHING
12:10:49,ESX-FUTURE,3376.0,1126,3376.0,2214,NOTHING
12:10:50,ESX-FUTURE,3376.0,2711,3376.0,629,NOTHING
12:10:50,ESX-FUTURE,3376.0,234,3376.0,3106,NOTHING
12:10:52,ESX-FUTURE,3376.0,622,3376.0,2718,NOTHING
12:10:53,ESX-FUTURE,3377.0,2141,3377.0,1199,NOTHING
12:10:54,ESX-FUTURE,3377.0,1598,3377.0,1742,NOTHING
12:10:56,ESX-FUTURE,3377.0,1286,3377.0,2054,NOTHING
12:10:58,ESX-FUTURE,3377.0,1220,3377.0,2120,NOTHING
12:11:00,ESX-FUTURE,3379.0,793,3379.0,2547,NOTHING
12:11:00,ESX-FUTURE,3379.0,217,3379.0,3123,NOTHING
12:11:02,ESX-FUTURE,3379.0,1484,3380.0,1856,NOTHING
12:11:03,ESX-FUTURE,3379.0,2118,3380.0,1222,NOTHING
12:11:04,ESX-FUTURE,3379.0,1166,3379.0,2174,NOTHING
12:11:05,ESX-FUTURE,3378.0,361,3378.0,2979,NOTHING
12:11:06,ESX-FUTURE,3378.0,1175,3378.0,2165,NOTHING
12:11:07,ESX-FUTURE,3379.0,683,3379.0,2657,NOTHING
12:11:08,ESX-FUTURE,3379.0,571,3379.0,2769,NOTHING
12:11:09,ESX-FUTURE,3379.0,2157,3379.0,1183,NOTHING
12:11:10,ESX-FUTURE,3379.0,1830,3379.0,1510,NOTHING
12:11:12,ESX-FUTURE,3379.0,1463,3379.0,1877,NOTHING
12:11:13,ESX-FUTURE,3379.0,1627,3379.0,1713,NOTHING
12:11:14,ESX-FUTURE,3379.0,2523,3380.0,817,NOTHING
12:11:15,ESX-FUTURE,3379.0,2550,3380.0,790,NOTHING
12:11:16,ESX-FUTURE,3379.0,2320,3380.0,1020,NOTHING
12:11:18,ESX-FUTURE,3379.0,1994,3380.0,1346,NOTHING
12:11:20,ESX-FUTURE,3379.0,1995,3380.0,1345,NOTHING
12:11:20,ESX-FUTURE,3379.0,124,3380.0,3216,NOTHING
12:11:21,ESX-FUTURE,3378.0,529,3378.0,2811,NOTHING
12:11:23,ESX-FUTURE,3378.0,478,3378.0,2862,NOTHING
12:11:23,ESX-FUTURE,3378.0,424,3378.0,2916,NOTHING
12:11:25,ESX-FUTURE,3381.0,995,3381.0,2345,NOTHING
12:11:25,ESX-FUTURE,3381.0,971,3381.0,2369,NOTHING
12:11:26,ESX-FUTURE,3381.0,949,3381.0,2391,NOTHING
12:11:27,ESX-FUTURE,3381.0,960,3381.0,2380,NOTHING
12:11:28,ESX-FUTURE,3382.0,2195,3382.0,1145,NOTHING
12:11:28,ESX-FUTURE,3382.0,2516,3382.0,824,NOTHING
12:11:30,ESX-FUTURE,3382.0,3122,3382.0,218,NOTHING
12:11:30,ESX-FUTURE,3383.0,2542,3384.0,798,NOTHING
12:11:31,ESX-FUTURE,3383.0,2555,3384.0,785,NOTHING
12:11:32,ESX-FUTURE,3383.0,2870,3384.0,470,NOTHING
12:11:34,ESX-FUTURE,3383.0,2666,3384.0,674,NOTHING
12:11:35,ESX-FUTURE,3383.0,2064,3383.0,1276,NOTHING
12:11:36,ESX-FUTURE,3383.0,1976,3383.0,1364,NOTHING
12:11:38,ESX-FUTURE,3383.0,2979,3383.0,361,NOTHING
12:11:39,ESX-FUTURE,3383.0,1183,3384.0,2157,NOTHING
12:11:40,ESX-FUTURE,3383.0,2348,3384.0,992,NOTHING
12:11:41,ESX-FUTURE,3383.0,2480,3384.0,860,NOTHING
12:11:43,ESX-FUTURE,3385.0,259,3385.0,3081,NOTHING
12:11:43,ESX-FUTURE,3384.0,1146,3385.0,2194,NOTHING
12:11:45,ESX-FUTURE,3384.0,1994,3385.0,1346,NOTHING
12:11:45,ESX-FUTURE,3384.0,1620,3385.0,1720,NOTHING
12:11:46,ESX-FUTURE,3384.0,1385,3385.0,1955,NOTHING
12:11:47,ESX-FUTURE,3384.0,3046,3385.0,294,NOTHING
12:11:47,ESX-FUTURE,3384.0,2958,3385.0,382,NOTHING
12:11:49,ESX-FUTURE,3384.0,2977,3385.0,363,NOTHING
12:11:50,ESX-FUTURE,3385.0,1875,3385.0,1465,NOTHING
12:11:51,ESX-FUTURE,3385.0,18,3385.0,3322,NOTHING
12:11:52,ESX-FUTURE,3385.0,1336,3385.0,2004,NOTHING
12:11:54,ESX-FUTURE,3385.0,496,3385.0,2844,NOTHING
12:11:55,ESX-FUTURE,3385.0,434,3385.0,2906,NOTHING
12:11:56,ESX-FUTURE,3385.0,58,3385.0,3282,NOTHING
12:11:57,ESX-FUTURE,3385.0,3269,3385.0,71,NOTHING
12:11:58,ESX-FUTURE,3385.0,3308,3385.0,32,NOTHING
12:11:59,ESX-FUTURE,3385.0,2660,3385.0,680,NOTHING
12:11:59,ESX-FUTURE,3385.0,1431,3385.0,1909,NOTHING
12:12:00,ESX-FUTURE,3385.0,167,3385.0,3173,NOTHING
12:12:02,ESX-FUTURE,3385.0,899,3385.0,2441,NOTHING
12:12:02,ESX-FUTURE,3384.0,2696,3384.0,644,NOTHING
12:12:03,ESX-FUTURE,3384.0,3137,3384.0,203,NOTHING
12:12:05,ESX-FUTURE,3384.0,3119,3384.0,221,NOTHING
12:12:05,ESX-FUTURE,3385.0,8,3385.0,3332,NOTHING
12:12:05,ESX-FUTURE,3385.0,1800,3385.0,1540,NOTHING
12:12:07,ESX-FUTURE,3385.0,426,3385.0,2914,NOTHING
12:12:08,ESX-FUTURE,3385.0,712,3385.0,2628,NOTHING
12:12:09,ESX-FUTURE,3385.0,1648,3385.0,1692,NOTHING
12:12:09,ESX-FUTURE,3385.0,2102,3385.0,1238,NOTHING
12:12:10,ESX-FUTURE,3385.0,2100,3385.0,1240,NOTHING
12:12:10,ESX-FUTURE,3384.0,524,3385.0,2816,NOTHING
12:12:12,ESX-FUTURE,3384.0,832,3384.0,2508,NOTHING
12:12:14,ESX-FUTURE,3384.0,623,3384.0,2717,NOTHING
12:12:15,ESX-FUTURE,3384.0,2322,3385.0,1018,NOTHING
12:12:16,ESX-FUTURE,3384.0,2361,3385.0,979,NOTHING
12:12:16,ESX-FUTURE,3384.0,2339,3385.0,1001,NOTHING
12:12:17,ESX-FUTURE,3385.0,2005,3385.0,1335,NOTHING
12:12:17,ESX-FUTURE,3385.0,468,3385.0,2872,NOTHING
12:12:18,ESX-FUTURE,3385.0,644,3385.0,2696,NOTHING
12:12:19,ESX-FUTURE,3381.0,2323,3381.0,1017,NOTHING
12:12:19,ESX-FUTURE,3381.0,2382,3381.0,958,NOTHING
12:12:20,ESX-FUTURE,3381.0,1726,3381.0,1614,NOTHING
12:12:21,ESX-FUTURE,3381.0,1732,3381.0,1608,NOTHING
12:12:22,ESX-FUTURE,3381.0,1569,3381.0,1771,NOTHING
12:12:24,ESX-FUTURE,3381.0,1689,3381.0,1651,NOTHING
12:12:26,ESX-FUTURE,3381.0,1347,3381.0,1993,NOTHING
12:12:27,ESX-FUTURE,3381.0,1477,3381.0,1863,NOTHING
12:12:28,ESX-FUTURE,3381.0,228,3382.0,3112,NOTHING
12:12:30,ESX-FUTURE,3385.0,1754,3385.0,1586,NOTHING
12:12:30,ESX-FUTURE,3385.0,359,3386.0,2981,NOTHING
12:12:30,ESX-FUTURE,3385.0,808,3386.0,2532,NOTHING
12:12:32,ESX-FUTURE,3381.0,2249,3381.0,1091,NOTHING
12:12:34,ESX-FUTURE,3381.0,989,3381.0,2351,NOTHING
12:12:34,ESX-FUTURE,3381.0,3057,3381.0,283,NOTHING
12:12:35,ESX-FUTURE,3381.0,939,3382.0,2401,NOTHING
12:12:37,ESX-FUTURE,3381.0,773,3382.0,2567,NOTHING
12:12:38,ESX-FUTURE,3380.0,243,3380.0,3097,NOTHING
12:12:40,ESX-FUTURE,3380.0,99,3380.0,3241,NOTHING
12:12:41,ESX-FUTURE,3380.0,3150,3380.0,190,NOTHING
12:12:42,ESX-FUTURE,3380.0,2809,3380.0,531,NOTHING
12:12:42,ESX-FUTURE,3380.0,1134,3381.0,2206,NOTHING
12:12:42,ESX-FUTURE,3380.0,1302,3381.0,2038,NOTHING
12:12:43,ESX-FUTURE,3380.0,3306,3381.0,34,NOTHING
12:12:44,ESX-FUTURE,3382.0,2418,3382.0,922,NOTHING
12:12:45,ESX-FUTURE,3382.0,2801,3382.0,539,NOTHING
12:12:45,ESX-FUTURE,3382.0,2185,3382.0,1155,NOTHING
12:12:46,ESX-FUTURE,3382.0,2270,3382.0,1070,NOTHING
12:12:47,ESX-FUTURE,3383.0,1184,3384.0,2156,NOTHING
12:12:47,ESX-FUTURE,3383.0,1304,3384.0,2036,NOTHING
12:12:48,ESX-FUTURE,3383.0,1587,3384.0,1753,NOTHING
12:12:50,ESX-FUTURE,3383.0,726,3383.0,2614,NOTHING
12:12:50,ESX-FUTURE,3383.0,697,3383.0,2643,NOTHING
12:12:51,ESX-FUTURE,3383.0,1047,3383.0,2293,NOTHING
12:12:52,ESX-FUTURE,3383.0,280,3383.0,3060,NOTHING
12:12:54,ESX-FUTURE,3383.0,2502,3383.0,838,NOTHING
12:12:54,ESX-FUTURE,3382.0,1729,3382.0,1611,NOTHING
12:12:55,ESX-FUTURE,3382.0,1509,3383.0,1831,NOTHING
12:12:56,ESX-FUTURE,3382.0,1918,3383.0,1422,NOTHING
12:12:57,ESX-FUTURE,3383.0,1703,3383.0,1637,NOTHING
12:12:58,ESX-FUTURE,3382.0,1891,3382.0,1449,NOTHING
12:12:59,ESX-FUTURE,3382.0,1326,3383.0,2014,NOTHING
12:13:00,ESX-FUTURE,3382.0,1095,3382.0,2245,NOTHING
12:13:01,ESX-FUTURE,3382.0,3186,3382.0,154,NOTHING
12:13:02,ESX-FUTURE,3381.0,2178,3382.0,1162,NOTHING
12:13:02,ESX-FUTURE,3382.0,567,3382.0,2773,NOTHING
12:13:03,ESX-FUTURE,3382.0,616,3382.0,2724,NOTHING
12:13:05,ESX-FUTURE,3382.0,551,3382.0,2789,NOTHING
12:13:05,ESX-FUTURE,3379.0,3180,3379.0,160,NOTHING
12:13:06,ESX-FUTURE,3379.0,3197,3379.0,143,NOTHING
12:13:08,ESX-FUTURE,3379.0,2091,3379.0,1249,NOTHING
12:13:09,ESX-FUTURE,3383.0,791,3383.0,2549,NOTHING
12:13:10,ESX-FUTURE,3383.0,1317,3383.0,2023,NOTHING
12:13:11,ESX-FUTURE,3386.0,1947,3386.0,1393,NOTHING
12:13:13,ESX-FUTURE,3386.0,291,3386.0,3049,NOTHING
12:13:13,ESX-FUTURE,3386.0,525,3386.0,2815,NOTHING
12:13:14,ESX-FUTURE,3386.0,439,3386.0,2901,NOTHING
12:13:16,ESX-FUTURE,3386.0,834,3386.0,2506,NOTHING
12:13:16,ESX-FUTURE,3386.0,2204,3386.0,1136,NOTHING
12:13:17,ESX-FUTURE,3386.0,2195,3386.0,1145,NOTHING
12:13:19,ESX-FUTURE,3386.0,3071,3386.0,269,NOTHING
12:13:19,ESX-FUTURE,3386.0,2981,3386.0,359,NOTHING
12:13:20,ESX-FUTURE,3386.0,1594,3386.0,1746,NOTHING
12:13:21,ESX-FUTURE,3386.0,1772,3386.0,1568,NOTHING
12:13:22,ESX-FUTURE,3387.0,413,3387.0,2927,NOTHING
12:13:24,ESX-FUTURE,3386.0,1098,3386.0,2242,NOTHING
12:13:25,ESX-FUTURE,3386.0,2435,3386.0,905,NOTHING
12:13:26,ESX-FUTURE,3386.0,545,3386.0,2795,NOTHING
12:13:28,ESX-FUTURE,3386.0,2691,3386.0,649,NOTHING
12:13:29,ESX-FUTURE,3386.0,3317,3386.0,23,NOTHING
12:13:30,ESX-FUTURE,3386.0,3283,3386.0,57,NOTHING
12:13:32,ESX-FUTURE,3386.0,2709,3386.0,631,NOTHING
12:13:32,ESX-FUTURE,3386.0,2866,3387.0,474,NOTHING
12:13:34,ESX-FUTURE,3385.0,737,3386.0,2603,NOTHING
12:13:34,ESX-FUTURE,3385.0,386,3386.0,2954,NOTHING
12:13:35,ESX-FUTURE,3386.0,1139,3387.0,2201,NOTHING
12:13:36,ESX-FUTURE,3386.0,1489,3387.0,1851,NOTHING
12:13:37,ESX-FUTURE,3386.0,1489,3387.0,1851,NOTHING
12:13:38,ESX-FUTURE,3386.0,2549,3386.0,791,NOTHING
12:13:39,ESX-FUTURE,3386.0,321,3386.0,3019,NOTHING
12:13:40,ESX-FUTURE,3385.0,1986,3386.0,1354,NOTHING
12:13:41,ESX-FUTURE,3385.0,1133,3385.0,2207,NOTHING
12:13:41,ESX-FUTURE,3385.0,1592,3385.0,1748,NOTHING
12:13:43,ESX-FUTURE,3385.0,2116,3385.0,1224,NOTHING
12:13:43,ESX-FUTURE,3385.0,3034,3385.0,306,NOTHING
12:13:46,ESX-FUTURE,3383.0,3215,3384.0,125,NOTHING
12:13:47,ESX-FUTURE,3383.0,3095,3384.0,245,NOTHING
12:13:48,ESX-FUTURE,3383.0,3142,3384.0,198,NOTHING
12:13:49,ESX-FUTURE,3383.0,2952,3383.0,388,NOTHING
12:13:49,ESX-FUTURE,3383.0,575,3383.0,2765,NOTHING
12:13:51,ESX-FUTURE,3383.0,1885,3383.0,1455,NOTHING
12:13:51,ESX-FUTURE,3383.0,2883,3383.0,457,NOTHING
12:13:53,ESX-FUTURE,3388.0,2290,3388.0,1050,NOTHING
12:13:54,ESX-FUTURE,3388.0,2929,3388.0,411,NOTHING
12:13:56,ESX-FUTURE,3388.0,2667,3388.0,673,NOTHING
12:13:56,ESX-FUTURE,3387.0,32,3388.0,3308,NOTHING
12:13:58,ESX-FUTURE,3387.0,33,3388.0,3307,NOTHING
12:13:59,ESX-FUTURE,3387.0,473,3388.0,2867,NOTHING
12:14:00,ESX-FUTURE,3387.0,3045,3387.0,295,NOTHING
12:14:00,ESX-FUTURE,3387.0,772,3387.0,2568,NOTHING
12:14:01,ESX-FUTURE,3387.0,1124,3388.0,2216,NOTHING
12:14:02,ESX-FUTURE,3387.0,1125,3388.0,2215,NOTHING
12:14:04,ESX-FUTURE,3388.0,535,3388.0,2805,NOTHING
12:14:04,ESX-FUTURE,3388.0,1075,3388.0,2265,NOTHING
12:14:05,ESX-FUTURE,3388.0,1326,3388.0,2014,NOTHING
12:14:07,ESX-FUTURE,3388.0,2249,3388.0,1091,NOTHING
12:14:08,ESX-FUTURE,3388.0,696,3388.0,2644,NOTHING
12:14:08,ESX-FUTURE,3388.0,1010,3388.0,2330,NOTHING
12:14:09,ESX-FUTURE,3388.0,2111,3388.0,1229,NOTHING
12:14:11,ESX-FUTURE,3388.0,2665,3388.0,675,NOTHING
12:14:12,ESX-FUTURE,3388.0,2902,3388.0,438,NOTHING
12:14:13,ESX-FUTURE,3391.0,2745,3392.0,595,NOTHING
12:14:14,ESX-FUTURE,3392.0,495,3392.0,2845,NOTHING
12:14:15,ESX-FUTURE,3391.0,373,3391.0,2967,NOTHING
12:14:15,ESX-FUTURE,3391.0,825,3391.0,2515,NOTHING
12:14:17,ESX-FUTURE,3392.0,125,3392.0,3215,NOTHING
12:14:18,ESX-FUTURE,3392.0,1110,3392.0,2230,NOTHING
12:14:19,ESX-FUTURE,3394.0,343,3395.0,2997,NOTHING
12:14:21,ESX-FUTURE,3395.0,1899,3395.0,1441,NOTHING
12:14:23,ESX-FUTURE,3395.0,1854,3395.0,1486,NOTHING
12:14:24,ESX-FUTURE,3395.0,1403,3395.0,1937,NOTHING
12:14:25,ESX-FUTURE,3395.0,2532,3395.0,808,NOTHING
12:14:26,ESX-FUTURE,3395.0,617,3395.0,2723,NOTHING
12:14:28,ESX-FUTURE,3395.0,874,3395.0,2466,NOTHING
12:14:29,ESX-FUTURE,3395.0,1103,3395.0,2237,NOTHING
12:14:30,ESX-FUTURE,3395.0,22,3395.0,3318,NOTHING
12:14:30,ESX-FUTURE,3395.0,2680,3395.0,660,NOTHING
12:14:33,ESX-FUTURE,3395.0,2977,3395.0,363,NOTHING
12:14:33,ESX-FUTURE,3395.0,1154,3395.0,2186,NOTHING
12:14:35,ESX-FUTURE,3398.0,2948,3398.0,392,NOTHING
12:14:37,ESX-FUTURE,3398.0,1462,3398.0,1878,NOTHING
12:14:39,ESX-FUTURE,3398.0,3246,3398.0,94,NOTHING
12:14:40,ESX-FUTURE,3398.0,3254,3398.0,86,NOTHING
12:14:41,ESX-FUTURE,3398.0,2894,3398.0,446,NOTHING
12:14:42,ESX-FUTURE,3398.0,1995,3398.0,1345,NOTHING
12:14:44,ESX-FUTURE,3398.0,2542,3398.0,798,NOTHING
12:14:45,ESX-FUTURE,3398.0,2366,3398.0,974,NOTHING
12:14:46,ESX-FUTURE,3398.0,2614,3398.0,726,NOTHING
12:14:46,ESX-FUTURE,3398.0,1337,3398.0,2003,NOTHING
12:14:48,ESX-FUTURE,3398.0,795,3398.0,2545,NOTHING
12:14:49,ESX-FUTURE,3399.0,23,3399.0,3317,NOTHING
12:14:50,ESX-FUTURE,3399.0,17,3399.0,3323,NOTHING
12:14:52,ESX-FUTURE,3399.0,716,3399.0,2624,NOTHING
12:14:53,ESX-FUTURE,3399.0,332,3399.0,3008,NOTHING
12:14:54,ESX-FUTURE,3399.0,335,3399.0,3005,NOTHING
12:14:55,ESX-FUTURE,3399.0,1967,3399.0,1373,NOTHING
12:14:56,ESX-FUTURE,3399.0,1563,3399.0,1777,NOTHING
12:14:57,ESX-FUTURE,3399.0,1618,3399.0,1722,NOTHING
12:14:57,ESX-FUTURE,3399.0,1641,3399.0,1699,NOTHING
12:14:58,ESX-FUTURE,3399.0,709,3399.0,2631,NOTHING
12:14:58,ESX-FUTURE,3399.0,725,3399.0,2615,NOTHING
12:15:00,ESX-FUTURE,3398.0,1557,3399.0,1783,NOTHING
12:15:00,ESX-FUTURE,3398.0,2393,3398.0,947,NOTHING
12:15:01,ESX-FUTURE,3398.0,1867,3398.0,1473,NOTHING
12:15:02,ESX-FUTURE,3400.0,538,3400.0,2802,NOTHING
12:15:03,ESX-FUTURE,3400.0,95,3400.0,3245,NOTHING
12:15:04,ESX-FUTURE,3400.0,2163,3400.0,1177,NOTHING
12:15:05,ESX-FUTURE,3400.0,2487,3400.0,853,NOTHING
12:15:06,ESX-FUTURE,3399.0,2151,3400.0,1189,NOTHING
12:15:06,ESX-FUTURE,3399.0,1598,3400.0,1742,NOTHING
12:15:07,ESX-FUTURE,3398.0,905,3398.0,2435,NOTHING
12:15:08,ESX-FUTURE,3398.0,1505,3398.0,1835,NOTHING
12:15:09,ESX-FUTURE,3398.0,1517,3398.0,1823,NOTHING
12:15:10,ESX-FUTURE,3397.0,3044,3398.0,296,NOTHING
12:15:11,ESX-FUTURE,3397.0,1070,3398.0,2270,NOTHING
12:15:12,ESX-FUTURE,3397.0,47,3397.0,3293,NOTHING
12:15:13,ESX-FUTURE,3396.0,3339,3396.0,2,NOTHING
12:15:15,ESX-FUTURE,3396.0,2643,3397.0,698,NOTHING
12:15:16,ESX-FUTURE,3396.0,2369,3397.0,972,NOTHING
12:15:16,ESX-FUTURE,3396.0,2578,3397.0,763,NOTHING
12:15:18,ESX-FUTURE,3396.0,2156,3397.0,1185,NOTHING
12:15:18,ESX-FUTURE,3397.0,2366,3398.0,975,NOTHING
12:15:19,ESX-FUTURE,3398.0,669,3398.0,2672,NOTHING
12:15:21,ESX-FUTURE,3398.0,1104,3398.0,2237,NOTHING
12:15:22,ESX-FUTURE,3397.0,1399,3398.0,1942,NOTHING
12:15:23,ESX-FUTURE,3397.0,1345,3398.0,1996,NOTHING
12:15:23,ESX-FUTURE,3400.0,824,3400.0,2517,NOTHING
12:15:25,ESX-FUTURE,3400.0,3238,3400.0,103,NOTHING
12:15:27,ESX-FUTURE,3400.0,1717,3400.0,1624,NOTHING
12:15:27,ESX-FUTURE,3400.0,1791,3400.0,1550,NOTHING
12:15:29,ESX-FUTURE,3400.0,1734,3400.0,1607,NOTHING
12:15:30,ESX-FUTURE,3400.0,1594,3400.0,1747,NOTHING
12:15:32,ESX-FUTURE,3400.0,3032,3400.0,309,NOTHING
12:15:33,ESX-FUTURE,3400.0,2048,3400.0,1293,NOTHING
12:15:35,ESX-FUTURE,3400.0,2050,3400.0,1291,NOTHING
12:15:35,ESX-FUTURE,3400.0,2200,3400.0,1141,NOTHING
12:15:36,ESX-FUTURE,3399.0,1476,3400.0,1865,NOTHING
12:15:37,ESX-FUTURE,3400.0,2810,3400.0,531,NOTHING
12:15:38,ESX-FUTURE,3400.0,1641,3400.0,1700,NOTHING
12:15:39,ESX-FUTURE,3400.0,1643,3400.0,1698,NOTHING
12:15:40,ESX-FUTURE,3400.0,1421,3400.0,1920,NOTHING
12:15:41,ESX-FUTURE,3400.0,1841,3400.0,1500,NOTHING
12:15:42,ESX-FUTURE,3399.0,1913,3399.0,1428,NOTHING
12:15:43,ESX-FUTURE,3398.0,1084,3398.0,2257,NOTHING
12:15:45,ESX-FUTURE,3397.0,1524,3397.0,1817,NOTHING
12:15:46,ESX-FUTURE,3397.0,390,3397.0,2951,NOTHING
12:15:47,ESX-FUTURE,3397.0,1028,3397.0,2313,NOTHING
12:15:48,ESX-FUTURE,3396.0,762,3396.0,2579,NOTHING
12:15:50,ESX-FUTURE,3396.0,40,3396.0,3301,NOTHING
12:15:51,ESX-FUTURE,3396.0,3082,3396.0,259,NOTHING
12:15:52,ESX-FUTURE,3396.0,53,3396.0,3288,NOTHING
12:15:53,ESX-FUTURE,3395.0,2556,3396.0,785,NOTHING
12:15:53,ESX-FUTURE,3396.0,522,3396.0,2819,NOTHING
12:15:54,ESX-FUTURE,3396.0,579,3396.0,2762,NOTHING
12:15:55,ESX-FUTURE,3395.0,2242,3396.0,1099,NOTHING
12:15:56,ESX-FUTURE,3396.0,395,3396.0,2946,NOTHING
12:15:57,ESX-FUTURE,3396.0,903,3396.0,2438,NOTHING
12:15:58,ESX-FUTURE,3396.0,1703,3396.0,1638,NOTHING
12:15:59,ESX-FUTURE,3396.0,535,3397.0,2806,NOTHING
12:16:00,ESX-FUTURE,3397.0,397,3397.0,2944,NOTHING
12:16:01,ESX-FUTURE,3397.0,637,3397.0,2704,NOTHING
12:16:02,ESX-FUTURE,3397.0,304,3397.0,3037,NOTHING
12:16:04,ESX-FUTURE,3397.0,1424,3397.0,1917,NOTHING
12:16:05,ESX-FUTURE,3397.0,1463,3397.0,1878,NOTHING
12:16:06,ESX-FUTURE,3397.0,376,3397.0,2965,NOTHING
12:16:07,ESX-FUTURE,3397.0,422,3397.0,2919,NOTHING
12:16:09,ESX-FUTURE,3397.0,2552,3398.0,789,NOTHING
12:16:11,ESX-FUTURE,3398.0,353,3398.0,2988,NOTHING
12:16:11,ESX-FUTURE,3398.0,356,3398.0,2985,NOTHING
12:16:12,ESX-FUTURE,3398.0,141,3398.0,3200,NOTHING
12:16:14,ESX-FUTURE,3398.0,1336,3398.0,2005,NOTHING
12:16:15,ESX-FUTURE,3398.0,412,3398.0,2929,NOTHING
12:16:16,ESX-FUTURE,3398.0,3016,3398.0,325,NOTHING
12:16:17,ESX-FUTURE,3398.0,385,3398.0,2956,NOTHING
12:16:18,ESX-FUTURE,3397.0,772,3398.0,2569,NOTHING
12:16:20,ESX-FUTURE,3397.0,498,3398.0,2843,NOTHING
12:16:21,ESX-FUTURE,3397.0,572,3398.0,2769,NOTHING
12:16:22,ESX-FUTURE,3397.0,534,3398.0,2807,NOTHING
12:16:22,ESX-FUTURE,3397.0,2651,3398.0,690,NOTHING
12:16:24,ESX-FUTURE,3397.0,2801,3397.0,540,NOTHING
12:16:24,ESX-FUTURE,3396.0,3333,3397.0,8,NOTHING
12:16:26,ESX-FUTURE,3396.0,691,3397.0,2650,NOTHING
12:16:26,ESX-FUTURE,3396.0,1322,3397.0,2019,NOTHING
12:16:27,ESX-FUTURE,3396.0,1710,3397.0,1631,NOTHING
12:16:27,ESX-FUTURE,3396.0,58,3397.0,3283,NOTHING
12:16:29,ESX-FUTURE,3396.0,3130,3396.0,211,NOTHING
12:16:29,ESX-FUTURE,3396.0,2928,3396.0,413,NOTHING
12:16:30,ESX-FUTURE,3397.0,377,3397.0,2964,NOTHING
12:16:31,ESX-FUTURE,3397.0,230,3397.0,3111,NOTHING
12:16:32,ESX-FUTURE,3397.0,606,3397.0,2735,NOTHING
12:16:33,ESX-FUTURE,3397.0,997,3397.0,2344,NOTHING
12:16:34,ESX-FUTURE,3397.0,911,3397.0,2430,NOTHING
12:16:34,ESX-FUTURE,3397.0,2805,3398.0,536,NOTHING
12:16:35,ESX-FUTURE,3398.0,380,3398.0,2961,NOTHING
12:16:36,ESX-FUTURE,3398.0,1404,3398.0,1937,NOTHING
12:16:37,ESX-FUTURE,3397.0,1169,3398.0,2172,NOTHING
12:16:37,ESX-FUTURE,3397.0,545,3398.0,2796,NOTHING
12:16:39,ESX-FUTURE,3398.0,1623,3398.0,1718,NOTHING
12:16:40,ESX-FUTURE,3398.0,1951,3398.0,1390,NOTHING
12:16:41,ESX-FUTURE,3398.0,2015,3398.0,1326,NOTHING
12:16:42,ESX-FUTURE,3398.0,2339,3398.0,1002,NOTHING
12:16:44,ESX-FUTURE,3398.0,2586,3398.0,755,NOTHING
12:16:45,ESX-FUTURE,3398.0,608,3398.0,2733,NOTHING
12:16:45,ESX-FUTURE,3400.0,1725,3400.0,1616,NOTHING
12:16:46,ESX-FUTURE,3400.0,2042,3400.0,1299,NOTHING
12:16:47,ESX-FUTURE,3399.0,2665,3399.0,676,NOTHING
12:16:48,ESX-FUTURE,3400.0,1287,3400.0,2054,NOTHING
12:16:49,ESX-FUTURE,3400.0,1999,3401.0,1342,NOTHING
12:16:51,ESX-FUTURE,3400.0,1781,3401.0,1560,NOTHING
12:16:52,ESX-FUTURE,3400.0,310,3401.0,3031,NOTHING
12:16:52,ESX-FUTURE,3400.0,2477,3400.0,864,NOTHING
12:16:54,ESX-FUTURE,3400.0,409,3401.0,2932,NOTHING
12:16:55,ESX-FUTURE,3400.0,1464,3400.0,1877,NOTHING
12:16:55,ESX-FUTURE,3400.0,3233,3400.0,108,NOTHING
12:16:56,ESX-FUTURE,3400.0,3285,3400.0,56,NOTHING
12:16:57,ESX-FUTURE,3400.0,9,3401.0,3332,NOTHING
12:16:58,ESX-FUTURE,3400.0,3253,3400.0,88,NOTHING
12:17:00,ESX-FUTURE,3400.0,3038,3400.0,303,NOTHING
12:17:00,ESX-FUTURE,3400.0,1579,3401.0,1762,NOTHING
12:17:01,ESX-FUTURE,3400.0,1943,3400.0,1398,NOTHING
12:17:02,ESX-FUTURE,3400.0,657,3400.0,2684,NOTHING
12:17:03,ESX-FUTURE,3401.0,3141,3401.0,200,NOTHING
12:17:05,ESX-FUTURE,3403.0,721,3403.0,2620,NOTHING
12:17:05,ESX-FUTURE,3403.0,1314,3403.0,2027,NOTHING
12:17:07,ESX-FUTURE,3403.0,1866,3403.0,1475,NOTHING
12:17:07,ESX-FUTURE,3403.0,2645,3403.0,696,NOTHING
12:17:09,ESX-FUTURE,3403.0,2678,3403.0,663,NOTHING
12:17:10,ESX-FUTURE,3403.0,2851,3403.0,490,NOTHING
12:17:13,ESX-FUTURE,3403.0,2203,3403.0,1138,NOTHING
12:17:14,ESX-FUTURE,3404.0,1277,3404.0,2064,NOTHING
12:17:15,ESX-FUTURE,3404.0,1421,3404.0,1920,NOTHING
12:17:16,ESX-FUTURE,3404.0,217,3404.0,3124,NOTHING
12:17:16,ESX-FUTURE,3404.0,3280,3404.0,61,NOTHING
12:17:18,ESX-FUTURE,3403.0,2008,3404.0,1333,NOTHING
12:17:19,ESX-FUTURE,3404.0,1779,3404.0,1562,NOTHING
12:17:20,ESX-FUTURE,3404.0,855,3404.0,2486,NOTHING
12:17:22,ESX-FUTURE,3404.0,877,3404.0,2464,NOTHING
12:17:22,ESX-FUTURE,3403.0,1999,3404.0,1342,NOTHING
12:17:25,ESX-FUTURE,3403.0,2480,3404.0,861,NOTHING
12:17:25,ESX-FUTURE,3404.0,103,3404.0,3238,NOTHING
12:17:26,ESX-FUTURE,3404.0,76,3404.0,3265,NOTHING
12:17:28,ESX-FUTURE,3404.0,1049,3404.0,2292,NOTHING
12:17:29,ESX-FUTURE,3404.0,315,3404.0,3026,NOTHING
12:17:31,ESX-FUTURE,3404.0,516,3404.0,2825,NOTHING
12:17:32,ESX-FUTURE,3404.0,2676,3404.0,665,NOTHING
12:17:33,ESX-FUTURE,3404.0,1749,3404.0,1592,NOTHING
12:17:34,ESX-FUTURE,3404.0,3134,3404.0,207,NOTHING
12:17:36,ESX-FUTURE,3404.0,1002,3404.0,2339,NOTHING
12:17:38,ESX-FUTURE,3404.0,2506,3404.0,835,NOTHING
12:17:40,ESX-FUTURE,3405.0,3021,3405.0,320,NOTHING
12:17:41,ESX-FUTURE,3405.0,1382,3405.0,1959,NOTHING
12:17:41,ESX-FUTURE,3405.0,3312,3405.0,29,NOTHING
12:17:43,ESX-FUTURE,3406.0,1730,3406.0,1611,NOTHING
