Timestamp,Instrument,Bid Price,Bid Volume,Ask Price,Ask Volume
18:35:28,SP-FUTURE,3000.0,582,3000.0,2229
18:35:28,SP-FUTURE,3000.0,521,3000.0,2290
18:35:29,ESX-FUTURE,3084.0,2243,3085.0,708
18:35:30,SP-FUTURE,3000.0,677,3000.0,2134
18:35:30,SP-FUTURE,3000.0,1610,3000.0,1201
18:35:30,ESX-FUTURE,3085.0,2068,3085.0,883
18:35:30,SP-FUTURE,3000.0,502,3001.0,2309
18:35:31,SP-FUTURE,3000.0,941,3001.0,1870
18:35:31,ESX-FUTURE,3085.0,1741,3085.0,1210
18:35:32,SP-FUTURE,3000.0,2388,3000.0,423
18:35:33,ESX-FUTURE,3085.0,1565,3085.0,1386
18:35:33,SP-FUTURE,3000.0,753,3000.0,2058
18:35:34,ESX-FUTURE,3085.0,2786,3085.0,165
18:35:35,SP-FUTURE,3000.0,315,3000.0,2496
18:35:35,ESX-FUTURE,3085.0,101,3085.0,2850
18:35:35,SP-FUTURE,3000.0,2537,3000.0,274
18:35:36,SP-FUTURE,3000.0,2466,3000.0,345
18:35:36,ESX-FUTURE,3085.0,1216,3085.0,1735
18:35:37,ESX-FUTURE,3085.0,1216,3085.0,1735
18:35:37,SP-FUTURE,3000.0,2458,3000.0,353
18:35:37,ESX-FUTURE,3085.0,1490,3085.0,1461
18:35:38,ESX-FUTURE,3085.0,283,3085.0,2668
18:35:39,SP-FUTURE,3000.0,1456,3000.0,1355
18:35:39,ESX-FUTURE,3085.0,376,3085.0,2575
18:35:39,SP-FUTURE,3004.0,1335,3004.0,1476
18:35:40,SP-FUTURE,3004.0,1116,3004.0,1695
18:35:41,ESX-FUTURE,3085.0,2517,3085.0,434
18:35:41,SP-FUTURE,3004.0,1097,3004.0,1714
18:35:43,ESX-FUTURE,3084.0,2283,3084.0,668
18:35:43,SP-FUTURE,3004.0,1118,3004.0,1693
18:35:44,ESX-FUTURE,3084.0,1854,3084.0,1097
18:35:45,SP-FUTURE,3004.0,2315,3004.0,496
18:35:45,ESX-FUTURE,3084.0,1624,3084.0,1327
18:35:45,ESX-FUTURE,3084.0,2895,3084.0,56
18:35:46,SP-FUTURE,3004.0,2315,3004.0,496
18:35:47,SP-FUTURE,3004.0,2412,3004.0,399
18:35:47,ESX-FUTURE,3084.0,1173,3084.0,1778
18:35:48,ESX-FUTURE,3084.0,1371,3084.0,1580
18:35:48,SP-FUTURE,3004.0,2438,3004.0,373
18:35:49,SP-FUTURE,3004.0,2483,3004.0,328
18:35:49,SP-FUTURE,3004.0,2757,3004.0,54
18:35:49,SP-FUTURE,3004.0,1283,3004.0,1528
18:35:49,ESX-FUTURE,3084.0,878,3084.0,2073
18:35:50,ESX-FUTURE,3084.0,244,3084.0,2707
18:35:50,SP-FUTURE,3004.0,1162,3005.0,1649
18:35:51,ESX-FUTURE,3084.0,1300,3084.0,1651
18:35:51,ESX-FUTURE,3083.0,653,3083.0,2298
18:35:52,ESX-FUTURE,3083.0,181,3083.0,2770
18:35:52,SP-FUTURE,3004.0,1070,3005.0,1741
18:35:52,ESX-FUTURE,3083.0,151,3083.0,2800
18:35:53,SP-FUTURE,3004.0,1052,3005.0,1759
18:35:54,SP-FUTURE,3004.0,625,3005.0,2186
18:35:54,ESX-FUTURE,3083.0,218,3083.0,2733
18:35:55,SP-FUTURE,3004.0,86,3005.0,2725
18:35:56,ESX-FUTURE,3083.0,526,3083.0,2425
18:35:56,SP-FUTURE,3004.0,1876,3004.0,935
18:35:56,ESX-FUTURE,3083.0,1433,3083.0,1518
18:35:57,SP-FUTURE,3006.0,2796,3006.0,15
18:35:57,ESX-FUTURE,3083.0,1433,3083.0,1518
18:35:57,SP-FUTURE,3006.0,2401,3006.0,410
18:35:58,SP-FUTURE,3005.0,2328,3005.0,483
18:35:58,ESX-FUTURE,3083.0,884,3083.0,2067
18:35:58,SP-FUTURE,3005.0,2452,3005.0,359
18:35:59,SP-FUTURE,3005.0,1802,3005.0,1009
18:35:59,SP-FUTURE,3005.0,1607,3005.0,1204
18:35:59,ESX-FUTURE,3083.0,1467,3084.0,1484
18:36:01,ESX-FUTURE,3083.0,2910,3083.0,41
18:36:01,SP-FUTURE,3005.0,1618,3005.0,1193
18:36:02,ESX-FUTURE,3083.0,649,3083.0,2302
18:36:03,ESX-FUTURE,3083.0,333,3083.0,2618
18:36:03,SP-FUTURE,3005.0,1047,3005.0,1764
18:36:03,ESX-FUTURE,3083.0,2304,3084.0,647
18:36:04,SP-FUTURE,3005.0,1717,3005.0,1094
18:36:04,ESX-FUTURE,3082.0,1600,3083.0,1351
18:36:05,SP-FUTURE,3006.0,284,3006.0,2527
18:36:05,ESX-FUTURE,3083.0,2726,3083.0,225
18:36:06,SP-FUTURE,3006.0,255,3006.0,2556
18:36:06,ESX-FUTURE,3083.0,2676,3083.0,275
18:36:07,SP-FUTURE,3006.0,405,3006.0,2406
18:36:08,ESX-FUTURE,3083.0,2311,3083.0,640
18:36:09,ESX-FUTURE,3083.0,1805,3083.0,1146
18:36:09,SP-FUTURE,3006.0,617,3006.0,2194
18:36:10,SP-FUTURE,3006.0,1545,3006.0,1266
18:36:10,ESX-FUTURE,3083.0,1675,3083.0,1276
18:36:10,SP-FUTURE,3007.0,465,3007.0,2346
18:36:11,SP-FUTURE,3006.0,2327,3007.0,484
18:36:11,ESX-FUTURE,3083.0,2187,3083.0,764
18:36:11,SP-FUTURE,3007.0,8,3007.0,2803
18:36:12,ESX-FUTURE,3083.0,2186,3083.0,765
18:36:12,SP-FUTURE,3006.0,1336,3007.0,1475
18:36:13,ESX-FUTURE,3083.0,2186,3083.0,765
18:36:14,SP-FUTURE,3006.0,1910,3007.0,901
18:36:14,ESX-FUTURE,3083.0,1446,3083.0,1505
18:36:14,SP-FUTURE,3007.0,638,3007.0,2173
18:36:15,ESX-FUTURE,3083.0,2034,3083.0,917
18:36:16,SP-FUTURE,3005.0,921,3006.0,1890
18:36:17,ESX-FUTURE,3083.0,1109,3083.0,1842
18:36:17,SP-FUTURE,3005.0,1026,3006.0,1785
18:36:17,ESX-FUTURE,3083.0,1461,3083.0,1490
18:36:18,SP-FUTURE,3006.0,951,3006.0,1860
18:36:18,SP-FUTURE,3005.0,678,3005.0,2133
18:36:19,ESX-FUTURE,3083.0,1142,3083.0,1809
18:36:19,SP-FUTURE,3005.0,251,3006.0,2560
18:36:20,ESX-FUTURE,3083.0,969,3083.0,1982
18:36:20,ESX-FUTURE,3083.0,92,3083.0,2859
18:36:20,SP-FUTURE,3005.0,196,3006.0,2615
18:36:21,ESX-FUTURE,3083.0,2919,3083.0,32
18:36:21,ESX-FUTURE,3083.0,2674,3083.0,277
18:36:22,SP-FUTURE,3005.0,339,3006.0,2472
18:36:22,SP-FUTURE,3005.0,230,3006.0,2581
18:36:22,ESX-FUTURE,3083.0,2279,3083.0,672
18:36:23,ESX-FUTURE,3083.0,2439,3083.0,512
18:36:23,SP-FUTURE,3005.0,1606,3005.0,1205
18:36:24,ESX-FUTURE,3083.0,2193,3084.0,758
18:36:24,SP-FUTURE,3004.0,1365,3005.0,1446
18:36:25,SP-FUTURE,3004.0,869,3005.0,1942
18:36:25,SP-FUTURE,3004.0,2364,3004.0,447
18:36:26,ESX-FUTURE,3084.0,2368,3084.0,583
18:36:26,SP-FUTURE,3004.0,270,3005.0,2541
18:36:27,ESX-FUTURE,3084.0,2294,3084.0,657
18:36:27,SP-FUTURE,3004.0,2201,3005.0,610
18:36:27,ESX-FUTURE,3084.0,1379,3084.0,1572
18:36:28,SP-FUTURE,3005.0,22,3005.0,2789
18:36:29,ESX-FUTURE,3084.0,1387,3084.0,1564
18:36:29,ESX-FUTURE,3084.0,1677,3084.0,1274
18:36:30,ESX-FUTURE,3084.0,1710,3084.0,1241
18:36:30,SP-FUTURE,3004.0,2334,3005.0,477
18:36:30,ESX-FUTURE,3084.0,755,3084.0,2196
18:36:30,SP-FUTURE,3005.0,1337,3005.0,1474
18:36:31,ESX-FUTURE,3083.0,2800,3084.0,151
18:36:32,SP-FUTURE,3005.0,501,3005.0,2310
18:36:33,ESX-FUTURE,3084.0,244,3084.0,2707
18:36:33,SP-FUTURE,3004.0,2583,3005.0,228
18:36:33,SP-FUTURE,3004.0,2641,3005.0,170
18:36:34,SP-FUTURE,3004.0,2667,3005.0,144
18:36:34,ESX-FUTURE,3084.0,269,3084.0,2682
18:36:35,SP-FUTURE,3005.0,1770,3005.0,1041
18:36:35,ESX-FUTURE,3084.0,1753,3084.0,1198
18:36:35,SP-FUTURE,3006.0,107,3006.0,2704
18:36:36,ESX-FUTURE,3084.0,1925,3084.0,1026
18:36:37,ESX-FUTURE,3084.0,1925,3084.0,1026
18:36:37,SP-FUTURE,3006.0,591,3006.0,2220
18:36:38,ESX-FUTURE,3084.0,2450,3085.0,501
18:36:38,SP-FUTURE,3006.0,2189,3006.0,622
18:36:39,SP-FUTURE,3006.0,16,3006.0,2795
18:36:39,ESX-FUTURE,3084.0,2438,3085.0,513
18:36:39,SP-FUTURE,3006.0,1715,3006.0,1096
18:36:40,ESX-FUTURE,3085.0,344,3085.0,2607
18:36:41,SP-FUTURE,3006.0,2514,3006.0,297
18:36:41,ESX-FUTURE,3085.0,448,3085.0,2503
18:36:42,SP-FUTURE,3006.0,997,3006.0,1814
18:36:43,SP-FUTURE,3006.0,563,3006.0,2248
18:36:43,ESX-FUTURE,3084.0,1693,3085.0,1258
18:36:44,SP-FUTURE,3006.0,1186,3006.0,1625
18:36:44,ESX-FUTURE,3084.0,1635,3085.0,1316
18:36:45,ESX-FUTURE,3085.0,7,3085.0,2944
18:36:45,ESX-FUTURE,3084.0,2189,3085.0,762
18:36:46,SP-FUTURE,3005.0,1339,3006.0,1472
18:36:46,SP-FUTURE,3005.0,1234,3006.0,1577
18:36:47,ESX-FUTURE,3084.0,2268,3085.0,683
18:36:47,SP-FUTURE,3005.0,798,3006.0,2013
18:36:47,ESX-FUTURE,3084.0,2249,3085.0,702
18:36:48,ESX-FUTURE,3085.0,456,3085.0,2495
18:36:49,SP-FUTURE,3005.0,868,3005.0,1943
18:36:50,SP-FUTURE,3005.0,830,3005.0,1981
18:36:50,SP-FUTURE,3007.0,2134,3007.0,677
18:36:50,ESX-FUTURE,3085.0,618,3085.0,2333
18:36:51,ESX-FUTURE,3085.0,549,3085.0,2402
18:36:51,ESX-FUTURE,3085.0,1161,3085.0,1790
18:36:51,SP-FUTURE,3007.0,1766,3007.0,1045
18:36:52,SP-FUTURE,3006.0,1116,3006.0,1695
18:36:53,ESX-FUTURE,3085.0,2580,3085.0,371
18:36:53,ESX-FUTURE,3085.0,2239,3085.0,712
18:36:53,SP-FUTURE,3006.0,868,3006.0,1943
18:36:54,SP-FUTURE,3006.0,2086,3006.0,725
18:36:55,ESX-FUTURE,3085.0,138,3085.0,2813
18:36:55,SP-FUTURE,3006.0,2552,3006.0,259
18:36:56,SP-FUTURE,3006.0,2551,3006.0,260
18:36:57,ESX-FUTURE,3084.0,2057,3084.0,894
18:36:57,SP-FUTURE,3006.0,423,3006.0,2388
18:36:58,ESX-FUTURE,3084.0,1655,3084.0,1296
18:36:58,ESX-FUTURE,3084.0,643,3084.0,2308
18:36:59,SP-FUTURE,3006.0,779,3006.0,2032
18:36:59,SP-FUTURE,3009.0,374,3009.0,2437
18:37:00,ESX-FUTURE,3084.0,1204,3084.0,1747
18:37:00,SP-FUTURE,3009.0,453,3009.0,2358
18:37:00,SP-FUTURE,3008.0,1868,3009.0,943
18:37:01,ESX-FUTURE,3084.0,709,3084.0,2242
18:37:02,SP-FUTURE,3008.0,1716,3009.0,1095
18:37:02,ESX-FUTURE,3084.0,418,3084.0,2533
18:37:03,SP-FUTURE,3008.0,1247,3009.0,1564
18:37:03,ESX-FUTURE,3084.0,2776,3084.0,175
18:37:03,ESX-FUTURE,3084.0,2510,3084.0,441
18:37:04,SP-FUTURE,3008.0,2019,3009.0,792
18:37:04,ESX-FUTURE,3084.0,2212,3084.0,739
18:37:06,ESX-FUTURE,3083.0,2475,3083.0,476
18:37:06,SP-FUTURE,3008.0,1956,3008.0,855
18:37:07,ESX-FUTURE,3083.0,2192,3083.0,759
18:37:07,SP-FUTURE,3008.0,2431,3008.0,380
18:37:08,SP-FUTURE,3008.0,2352,3009.0,459
18:37:08,ESX-FUTURE,3083.0,1427,3084.0,1524
18:37:08,SP-FUTURE,3009.0,1757,3009.0,1054
18:37:09,ESX-FUTURE,3084.0,1193,3084.0,1758
18:37:09,ESX-FUTURE,3084.0,1393,3084.0,1558
18:37:10,SP-FUTURE,3008.0,1317,3009.0,1494
18:37:11,ESX-FUTURE,3084.0,272,3085.0,2679
18:37:11,SP-FUTURE,3008.0,381,3009.0,2430
18:37:12,SP-FUTURE,3008.0,2724,3009.0,87
18:37:12,ESX-FUTURE,3084.0,352,3085.0,2599
18:37:13,SP-FUTURE,3009.0,2547,3009.0,264
18:37:13,ESX-FUTURE,3084.0,91,3085.0,2860
18:37:14,ESX-FUTURE,3084.0,297,3084.0,2654
18:37:14,SP-FUTURE,3009.0,28,3009.0,2783
18:37:15,SP-FUTURE,3009.0,1449,3009.0,1362
18:37:16,ESX-FUTURE,3084.0,13,3084.0,2938
18:37:16,SP-FUTURE,3009.0,1440,3009.0,1371
18:37:17,SP-FUTURE,3009.0,1439,3009.0,1372
18:37:17,ESX-FUTURE,3083.0,1392,3083.0,1559
18:37:18,ESX-FUTURE,3083.0,1591,3083.0,1360
18:37:18,SP-FUTURE,3009.0,1496,3009.0,1315
18:37:18,SP-FUTURE,3009.0,1594,3009.0,1217
18:37:18,SP-FUTURE,3009.0,2261,3009.0,550
18:37:18,ESX-FUTURE,3083.0,1777,3083.0,1174
18:37:19,ESX-FUTURE,3083.0,1674,3083.0,1277
18:37:20,SP-FUTURE,3009.0,1758,3009.0,1053
18:37:20,ESX-FUTURE,3083.0,632,3083.0,2319
18:37:21,SP-FUTURE,3009.0,1660,3009.0,1151
18:37:21,ESX-FUTURE,3084.0,2214,3084.0,737
18:37:21,SP-FUTURE,3009.0,981,3009.0,1830
18:37:22,SP-FUTURE,3009.0,2072,3009.0,739
18:37:23,SP-FUTURE,3006.0,1677,3007.0,1134
18:37:23,ESX-FUTURE,3084.0,1999,3084.0,952
18:37:24,SP-FUTURE,3004.0,103,3004.0,2708
18:37:25,ESX-FUTURE,3084.0,2085,3084.0,866
18:37:25,ESX-FUTURE,3084.0,1744,3084.0,1207
18:37:25,SP-FUTURE,3004.0,373,3004.0,2438
18:37:26,ESX-FUTURE,3084.0,2364,3084.0,587
18:37:27,SP-FUTURE,3004.0,1473,3004.0,1338
18:37:27,ESX-FUTURE,3084.0,1254,3084.0,1697
18:37:28,SP-FUTURE,3006.0,2056,3006.0,755
18:37:28,ESX-FUTURE,3084.0,2120,3084.0,831
18:37:29,SP-FUTURE,3005.0,2025,3005.0,786
18:37:29,SP-FUTURE,3004.0,2495,3005.0,316
18:37:29,ESX-FUTURE,3083.0,1360,3084.0,1591
18:37:30,SP-FUTURE,3004.0,2357,3005.0,454
18:37:31,ESX-FUTURE,3083.0,1193,3084.0,1758
18:37:32,SP-FUTURE,3004.0,2240,3005.0,571
18:37:32,ESX-FUTURE,3083.0,1974,3084.0,977
18:37:33,SP-FUTURE,3004.0,12,3004.0,2799
18:37:33,ESX-FUTURE,3083.0,2454,3084.0,497
18:37:33,ESX-FUTURE,3083.0,2861,3084.0,90
18:37:33,ESX-FUTURE,3083.0,2858,3084.0,93
18:37:34,SP-FUTURE,3004.0,30,3004.0,2781
18:37:34,ESX-FUTURE,3083.0,2820,3084.0,131
18:37:35,SP-FUTURE,3004.0,284,3004.0,2527
18:37:35,ESX-FUTURE,3083.0,2129,3084.0,822
18:37:35,SP-FUTURE,3004.0,438,3004.0,2373
18:37:36,ESX-FUTURE,3083.0,1979,3084.0,972
18:37:36,SP-FUTURE,3004.0,1110,3004.0,1701
18:37:37,ESX-FUTURE,3085.0,2423,3085.0,528
18:37:37,SP-FUTURE,3004.0,1126,3004.0,1685
18:37:38,SP-FUTURE,3004.0,1708,3004.0,1103
18:37:38,ESX-FUTURE,3085.0,2405,3085.0,546
18:37:38,SP-FUTURE,3004.0,1245,3004.0,1566
18:37:39,ESX-FUTURE,3085.0,1797,3085.0,1154
18:37:40,SP-FUTURE,3004.0,1036,3004.0,1775
18:37:40,SP-FUTURE,3003.0,2707,3004.0,104
18:37:40,ESX-FUTURE,3085.0,1221,3085.0,1730
18:37:41,SP-FUTURE,3004.0,754,3004.0,2057
18:37:42,SP-FUTURE,3004.0,1503,3004.0,1308
18:37:42,ESX-FUTURE,3085.0,2856,3085.0,95
18:37:42,ESX-FUTURE,3086.0,826,3086.0,2125
18:37:43,ESX-FUTURE,3086.0,1317,3086.0,1634
18:37:43,SP-FUTURE,3004.0,1595,3004.0,1216
18:37:43,SP-FUTURE,3004.0,177,3004.0,2634
18:37:44,ESX-FUTURE,3086.0,1314,3086.0,1637
18:37:44,SP-FUTURE,3003.0,2685,3004.0,126
18:37:45,ESX-FUTURE,3086.0,1580,3086.0,1371
18:37:45,SP-FUTURE,3004.0,1240,3005.0,1571
18:37:46,SP-FUTURE,3004.0,1488,3005.0,1323
18:37:46,ESX-FUTURE,3086.0,1970,3086.0,981
18:37:46,ESX-FUTURE,3085.0,1158,3086.0,1793
18:37:47,SP-FUTURE,3005.0,263,3005.0,2548
18:37:47,ESX-FUTURE,3085.0,1152,3086.0,1799
18:37:48,SP-FUTURE,3005.0,2569,3005.0,242
18:37:49,SP-FUTURE,3005.0,834,3006.0,1977
18:37:49,ESX-FUTURE,3086.0,672,3086.0,2279
18:37:50,SP-FUTURE,3006.0,1391,3006.0,1420
18:37:51,ESX-FUTURE,3086.0,690,3086.0,2261
18:37:51,SP-FUTURE,3006.0,1219,3006.0,1592
18:37:51,ESX-FUTURE,3086.0,2177,3086.0,774
18:37:52,ESX-FUTURE,3086.0,73,3087.0,2878
18:37:52,SP-FUTURE,3006.0,1979,3006.0,832
18:37:52,SP-FUTURE,3006.0,1898,3006.0,913
18:37:53,SP-FUTURE,3006.0,1926,3006.0,885
18:37:53,ESX-FUTURE,3085.0,188,3086.0,2763
18:37:53,SP-FUTURE,3010.0,444,3010.0,2367
18:37:54,SP-FUTURE,3010.0,349,3010.0,2462
18:37:55,ESX-FUTURE,3086.0,393,3086.0,2558
18:37:55,SP-FUTURE,3013.0,2656,3013.0,155
18:37:56,ESX-FUTURE,3086.0,85,3086.0,2866
18:37:56,SP-FUTURE,3013.0,2646,3013.0,165
18:37:57,ESX-FUTURE,3085.0,2550,3085.0,401
18:37:57,SP-FUTURE,3013.0,945,3013.0,1866
18:37:58,ESX-FUTURE,3085.0,2318,3085.0,633
18:37:58,ESX-FUTURE,3085.0,2114,3085.0,837
18:37:59,SP-FUTURE,3013.0,931,3014.0,1880
18:38:00,ESX-FUTURE,3085.0,2518,3085.0,433
18:38:00,SP-FUTURE,3013.0,1117,3014.0,1694
18:38:00,ESX-FUTURE,3085.0,2950,3085.0,2
18:38:01,SP-FUTURE,3013.0,1085,3014.0,1726
18:38:01,SP-FUTURE,3013.0,1065,3014.0,1746
18:38:01,SP-FUTURE,3013.0,1066,3014.0,1745
18:38:01,ESX-FUTURE,3085.0,1188,3085.0,1764
18:38:02,ESX-FUTURE,3087.0,1349,3087.0,1603
18:38:03,SP-FUTURE,3014.0,212,3014.0,2599
18:38:04,ESX-FUTURE,3087.0,1239,3087.0,1713
18:38:04,ESX-FUTURE,3087.0,305,3087.0,2647
18:38:05,ESX-FUTURE,3087.0,257,3087.0,2695
18:38:05,SP-FUTURE,3014.0,111,3014.0,2700
18:38:05,ESX-FUTURE,3087.0,513,3087.0,2439
18:38:06,SP-FUTURE,3014.0,2620,3014.0,191
18:38:06,ESX-FUTURE,3087.0,2728,3087.0,224
18:38:06,SP-FUTURE,3014.0,1862,3014.0,949
18:38:07,SP-FUTURE,3014.0,2224,3014.0,587
18:38:07,ESX-FUTURE,3087.0,2893,3087.0,59
18:38:08,ESX-FUTURE,3087.0,2887,3087.0,65
18:38:09,SP-FUTURE,3014.0,1417,3014.0,1394
18:38:09,ESX-FUTURE,3087.0,2006,3088.0,946
18:38:10,SP-FUTURE,3014.0,1731,3014.0,1080
18:38:10,ESX-FUTURE,3088.0,783,3088.0,2169
18:38:11,ESX-FUTURE,3087.0,2775,3087.0,177
18:38:11,SP-FUTURE,3014.0,1415,3014.0,1396
18:38:11,ESX-FUTURE,3087.0,1887,3087.0,1065
18:38:12,SP-FUTURE,3014.0,41,3014.0,2770
18:38:13,SP-FUTURE,3014.0,19,3014.0,2792
18:38:13,ESX-FUTURE,3087.0,1862,3087.0,1090
18:38:14,SP-FUTURE,3014.0,149,3014.0,2662
18:38:14,ESX-FUTURE,3087.0,1797,3087.0,1155
18:38:15,SP-FUTURE,3014.0,1975,3014.0,836
18:38:15,ESX-FUTURE,3087.0,288,3087.0,2664
18:38:16,SP-FUTURE,3014.0,575,3015.0,2236
18:38:18,ESX-FUTURE,3088.0,2495,3088.0,457
18:38:18,SP-FUTURE,3014.0,622,3015.0,2189
18:38:18,SP-FUTURE,3015.0,743,3015.0,2068
18:38:19,SP-FUTURE,3015.0,700,3015.0,2111
18:38:19,ESX-FUTURE,3088.0,2696,3088.0,256
18:38:19,SP-FUTURE,3015.0,685,3015.0,2126
18:38:21,ESX-FUTURE,3088.0,1374,3088.0,1578
18:38:21,SP-FUTURE,3015.0,475,3015.0,2336
18:38:22,ESX-FUTURE,3088.0,1612,3088.0,1340
18:38:22,SP-FUTURE,3013.0,696,3013.0,2115
18:38:23,ESX-FUTURE,3088.0,1407,3088.0,1545
18:38:23,ESX-FUTURE,3088.0,2454,3088.0,498
18:38:23,ESX-FUTURE,3088.0,2434,3088.0,518
18:38:24,SP-FUTURE,3013.0,1529,3013.0,1282
18:38:24,ESX-FUTURE,3087.0,2455,3088.0,497
18:38:25,ESX-FUTURE,3088.0,549,3088.0,2403
18:38:25,SP-FUTURE,3013.0,1211,3013.0,1600
18:38:25,SP-FUTURE,3013.0,1232,3013.0,1579
18:38:26,ESX-FUTURE,3087.0,742,3088.0,2210
18:38:26,SP-FUTURE,3013.0,1367,3013.0,1444
18:38:26,ESX-FUTURE,3087.0,929,3087.0,2023
18:38:27,SP-FUTURE,3013.0,1060,3013.0,1751
18:38:27,ESX-FUTURE,3087.0,1840,3087.0,1112
18:38:28,ESX-FUTURE,3087.0,861,3087.0,2091
18:38:28,SP-FUTURE,3013.0,1579,3013.0,1232
18:38:29,ESX-FUTURE,3086.0,2215,3086.0,737
18:38:30,SP-FUTURE,3013.0,2482,3013.0,329
18:38:30,ESX-FUTURE,3086.0,101,3086.0,2851
18:38:31,ESX-FUTURE,3086.0,259,3086.0,2693
18:38:32,SP-FUTURE,3013.0,2299,3013.0,512
18:38:33,ESX-FUTURE,3086.0,637,3086.0,2315
18:38:34,ESX-FUTURE,3086.0,2409,3086.0,543
18:38:34,SP-FUTURE,3013.0,2491,3013.0,320
18:38:35,SP-FUTURE,3013.0,1743,3013.0,1068
18:38:35,ESX-FUTURE,3086.0,2512,3086.0,440
18:38:36,SP-FUTURE,3013.0,2286,3013.0,525
18:38:36,SP-FUTURE,3013.0,2313,3013.0,498
18:38:37,ESX-FUTURE,3086.0,1772,3086.0,1180
18:38:37,ESX-FUTURE,3086.0,799,3086.0,2153
18:38:37,SP-FUTURE,3013.0,2183,3013.0,628
18:38:38,ESX-FUTURE,3086.0,107,3087.0,2845
18:38:38,ESX-FUTURE,3086.0,613,3087.0,2339
18:38:39,ESX-FUTURE,3086.0,1350,3087.0,1602
18:38:39,SP-FUTURE,3013.0,80,3013.0,2731
18:38:39,ESX-FUTURE,3086.0,1125,3087.0,1827
18:38:40,ESX-FUTURE,3086.0,2757,3087.0,195
18:38:41,SP-FUTURE,3013.0,2258,3013.0,553
18:38:41,ESX-FUTURE,3086.0,106,3087.0,2846
18:38:41,SP-FUTURE,3013.0,2275,3013.0,536
18:38:41,ESX-FUTURE,3086.0,69,3087.0,2883
18:38:42,ESX-FUTURE,3083.0,2501,3083.0,451
18:38:43,SP-FUTURE,3013.0,1685,3013.0,1126
18:38:44,ESX-FUTURE,3083.0,1732,3083.0,1220
18:38:44,SP-FUTURE,3013.0,2435,3014.0,376
18:38:44,SP-FUTURE,3013.0,1527,3013.0,1284
18:38:45,SP-FUTURE,3013.0,1816,3013.0,995
18:38:45,ESX-FUTURE,3083.0,2410,3083.0,542
18:38:46,SP-FUTURE,3013.0,404,3013.0,2407
18:38:46,SP-FUTURE,3013.0,728,3013.0,2083
18:38:46,ESX-FUTURE,3084.0,1509,3084.0,1443
18:38:47,SP-FUTURE,3013.0,730,3013.0,2081
18:38:48,ESX-FUTURE,3084.0,2084,3084.0,868
18:38:48,SP-FUTURE,3013.0,569,3013.0,2242
18:38:48,ESX-FUTURE,3084.0,815,3084.0,2137
18:38:49,SP-FUTURE,3013.0,1946,3013.0,865
18:38:49,ESX-FUTURE,3084.0,2180,3084.0,772
18:38:51,ESX-FUTURE,3084.0,377,3084.0,2575
18:38:51,SP-FUTURE,3013.0,1235,3013.0,1576
18:38:52,ESX-FUTURE,3084.0,892,3084.0,2060
18:38:52,SP-FUTURE,3015.0,679,3015.0,2132
18:38:53,ESX-FUTURE,3084.0,1844,3084.0,1108
18:38:54,ESX-FUTURE,3083.0,2318,3084.0,634
18:38:54,SP-FUTURE,3015.0,1277,3015.0,1534
18:38:55,SP-FUTURE,3015.0,2453,3015.0,358
18:38:55,ESX-FUTURE,3083.0,2574,3084.0,378
18:38:56,SP-FUTURE,3015.0,2455,3015.0,356
18:38:56,ESX-FUTURE,3083.0,2638,3084.0,314
18:38:56,SP-FUTURE,3015.0,226,3015.0,2585
18:38:57,ESX-FUTURE,3083.0,2241,3084.0,711
18:38:58,ESX-FUTURE,3083.0,1920,3084.0,1032
18:38:58,SP-FUTURE,3015.0,268,3015.0,2543
18:38:59,ESX-FUTURE,3083.0,1990,3084.0,962
18:39:00,ESX-FUTURE,3083.0,1992,3084.0,960
18:39:00,SP-FUTURE,3016.0,105,3016.0,2706
18:39:01,ESX-FUTURE,3083.0,2005,3084.0,947
18:39:01,SP-FUTURE,3015.0,835,3016.0,1976
18:39:01,ESX-FUTURE,3083.0,1529,3084.0,1423
18:39:02,ESX-FUTURE,3083.0,1095,3084.0,1857
18:39:02,ESX-FUTURE,3083.0,633,3084.0,2319
18:39:03,ESX-FUTURE,3083.0,2487,3083.0,465
18:39:03,SP-FUTURE,3014.0,2378,3014.0,433
18:39:04,ESX-FUTURE,3083.0,691,3083.0,2261
18:39:05,SP-FUTURE,3017.0,952,3017.0,1859
18:39:05,SP-FUTURE,3017.0,2167,3017.0,644
18:39:05,SP-FUTURE,3017.0,2131,3017.0,680
18:39:06,ESX-FUTURE,3083.0,914,3083.0,2038
18:39:07,SP-FUTURE,3017.0,2104,3017.0,707
18:39:08,ESX-FUTURE,3083.0,828,3083.0,2124
18:39:08,SP-FUTURE,3017.0,1065,3017.0,1746
18:39:08,ESX-FUTURE,3082.0,1011,3082.0,1941
18:39:09,ESX-FUTURE,3082.0,767,3082.0,2185
18:39:09,SP-FUTURE,3018.0,36,3018.0,2775
18:39:10,ESX-FUTURE,3082.0,1569,3082.0,1383
18:39:11,SP-FUTURE,3018.0,1160,3018.0,1651
18:39:11,SP-FUTURE,3018.0,1178,3018.0,1633
18:39:12,ESX-FUTURE,3083.0,1515,3084.0,1437
18:39:12,ESX-FUTURE,3083.0,969,3084.0,1983
18:39:12,ESX-FUTURE,3083.0,2593,3084.0,359
18:39:13,SP-FUTURE,3018.0,1518,3018.0,1293
18:39:13,SP-FUTURE,3018.0,1150,3018.0,1661
18:39:13,ESX-FUTURE,3083.0,653,3083.0,2299
18:39:13,SP-FUTURE,3018.0,958,3018.0,1853
18:39:14,SP-FUTURE,3018.0,1303,3018.0,1508
18:39:14,ESX-FUTURE,3083.0,2525,3084.0,427
18:39:15,SP-FUTURE,3017.0,2612,3018.0,199
18:39:15,ESX-FUTURE,3083.0,2283,3083.0,669
18:39:16,SP-FUTURE,3018.0,50,3018.0,2761
18:39:16,ESX-FUTURE,3083.0,2227,3083.0,725
18:39:17,SP-FUTURE,3017.0,1875,3017.0,936
18:39:18,ESX-FUTURE,3083.0,2672,3083.0,280
18:39:18,SP-FUTURE,3017.0,614,3017.0,2197
18:39:19,ESX-FUTURE,3083.0,1243,3083.0,1709
18:39:19,SP-FUTURE,3017.0,575,3017.0,2236
18:39:20,ESX-FUTURE,3083.0,2741,3083.0,211
18:39:20,SP-FUTURE,3017.0,583,3017.0,2228
18:39:20,ESX-FUTURE,3083.0,2741,3083.0,211
18:39:22,SP-FUTURE,3017.0,605,3017.0,2206
18:39:22,ESX-FUTURE,3083.0,944,3083.0,2008
18:39:22,SP-FUTURE,3017.0,146,3017.0,2665
18:39:23,SP-FUTURE,3016.0,1393,3017.0,1418
18:39:23,ESX-FUTURE,3083.0,1965,3083.0,987
18:39:24,SP-FUTURE,3016.0,45,3016.0,2766
18:39:24,ESX-FUTURE,3083.0,163,3083.0,2789
18:39:24,ESX-FUTURE,3083.0,171,3083.0,2781
18:39:25,SP-FUTURE,3016.0,129,3016.0,2682
18:39:25,ESX-FUTURE,3084.0,398,3084.0,2554
18:39:26,SP-FUTURE,3019.0,2333,3020.0,478
18:39:27,ESX-FUTURE,3083.0,2865,3083.0,87
18:39:27,SP-FUTURE,3019.0,1972,3020.0,839
18:39:27,ESX-FUTURE,3083.0,2866,3083.0,86
18:39:28,ESX-FUTURE,3083.0,1665,3084.0,1287
18:39:28,ESX-FUTURE,3083.0,1732,3084.0,1220
18:39:29,SP-FUTURE,3019.0,1777,3020.0,1034
18:39:30,SP-FUTURE,3019.0,1637,3019.0,1174
18:39:30,ESX-FUTURE,3083.0,1985,3084.0,967
18:39:31,SP-FUTURE,3019.0,2190,3019.0,621
18:39:31,ESX-FUTURE,3083.0,1542,3084.0,1410
18:39:32,SP-FUTURE,3019.0,1954,3019.0,857
18:39:32,ESX-FUTURE,3083.0,1560,3084.0,1392
18:39:32,SP-FUTURE,3019.0,415,3020.0,2396
18:39:33,SP-FUTURE,3018.0,619,3019.0,2192
18:39:34,ESX-FUTURE,3084.0,787,3084.0,2165
18:39:34,SP-FUTURE,3020.0,543,3020.0,2268
18:39:35,ESX-FUTURE,3083.0,2139,3084.0,813
18:39:35,ESX-FUTURE,3084.0,1989,3084.0,963
18:39:35,SP-FUTURE,3019.0,1418,3020.0,1393
18:39:36,ESX-FUTURE,3084.0,2437,3084.0,515
18:39:36,SP-FUTURE,3019.0,680,3020.0,2131
18:39:37,ESX-FUTURE,3084.0,2620,3084.0,332
18:39:38,SP-FUTURE,3019.0,647,3020.0,2164
18:39:38,ESX-FUTURE,3084.0,2883,3084.0,69
18:39:38,SP-FUTURE,3019.0,2419,3019.0,392
18:39:38,SP-FUTURE,3019.0,2507,3019.0,304
18:39:39,ESX-FUTURE,3083.0,308,3084.0,2644
18:39:39,SP-FUTURE,3019.0,1771,3019.0,1040
18:39:39,ESX-FUTURE,3083.0,288,3084.0,2664
18:39:40,SP-FUTURE,3019.0,308,3019.0,2503
18:39:40,ESX-FUTURE,3083.0,287,3084.0,2665
18:39:40,SP-FUTURE,3019.0,2761,3019.0,50
18:39:41,SP-FUTURE,3019.0,2725,3019.0,86
18:39:42,SP-FUTURE,3019.0,2723,3019.0,88
18:39:42,SP-FUTURE,3019.0,2595,3019.0,216
18:39:42,ESX-FUTURE,3083.0,500,3084.0,2452
18:39:43,SP-FUTURE,3019.0,2244,3019.0,567
18:39:43,ESX-FUTURE,3084.0,460,3084.0,2492
18:39:44,SP-FUTURE,3019.0,1962,3020.0,849
18:39:45,ESX-FUTURE,3084.0,249,3084.0,2703
18:39:45,SP-FUTURE,3019.0,1673,3020.0,1138
18:39:46,ESX-FUTURE,3082.0,1181,3082.0,1771
18:39:47,SP-FUTURE,3020.0,2048,3020.0,763
18:39:48,ESX-FUTURE,3082.0,1021,3082.0,1931
18:39:48,SP-FUTURE,3020.0,1714,3020.0,1097
18:39:49,ESX-FUTURE,3082.0,1906,3082.0,1046
18:39:50,SP-FUTURE,3020.0,1149,3021.0,1662
18:39:51,ESX-FUTURE,3082.0,2743,3082.0,209
18:39:51,SP-FUTURE,3020.0,1276,3021.0,1535
18:39:51,SP-FUTURE,3020.0,1314,3021.0,1497
18:39:52,SP-FUTURE,3020.0,1215,3020.0,1596
18:39:52,ESX-FUTURE,3081.0,513,3081.0,2439
18:39:53,SP-FUTURE,3020.0,581,3020.0,2230
18:39:54,ESX-FUTURE,3081.0,161,3081.0,2791
18:39:55,SP-FUTURE,3020.0,596,3020.0,2215
18:39:55,ESX-FUTURE,3081.0,2909,3081.0,43
18:39:56,ESX-FUTURE,3081.0,2062,3081.0,890
18:39:56,ESX-FUTURE,3081.0,1812,3081.0,1140
18:39:56,SP-FUTURE,3020.0,630,3020.0,2181
18:39:57,SP-FUTURE,3020.0,2401,3020.0,410
18:39:58,ESX-FUTURE,3081.0,1606,3081.0,1346
18:39:59,SP-FUTURE,3018.0,2731,3018.0,80
18:39:59,ESX-FUTURE,3081.0,1320,3081.0,1632
18:40:00,ESX-FUTURE,3081.0,1294,3081.0,1658
18:40:00,SP-FUTURE,3018.0,2731,3018.0,80
18:40:00,SP-FUTURE,3019.0,1800,3019.0,1011
18:40:01,ESX-FUTURE,3081.0,325,3082.0,2627
18:40:01,SP-FUTURE,3019.0,852,3019.0,1959
18:40:02,ESX-FUTURE,3081.0,1662,3082.0,1290
18:40:03,ESX-FUTURE,3081.0,1446,3081.0,1506
18:40:03,SP-FUTURE,3019.0,2687,3019.0,124
18:40:04,ESX-FUTURE,3081.0,1430,3081.0,1522
18:40:04,SP-FUTURE,3019.0,1239,3019.0,1572
18:40:05,ESX-FUTURE,3081.0,508,3081.0,2444
18:40:05,SP-FUTURE,3019.0,1396,3019.0,1415
18:40:05,SP-FUTURE,3019.0,1380,3019.0,1431
18:40:06,SP-FUTURE,3019.0,1366,3019.0,1445
18:40:06,ESX-FUTURE,3081.0,1505,3082.0,1447
18:40:06,SP-FUTURE,3020.0,489,3020.0,2322
18:40:07,SP-FUTURE,3020.0,2372,3020.0,439
18:40:07,ESX-FUTURE,3082.0,1596,3082.0,1356
18:40:08,SP-FUTURE,3020.0,655,3020.0,2156
18:40:08,ESX-FUTURE,3082.0,1394,3082.0,1558
18:40:09,ESX-FUTURE,3082.0,1346,3082.0,1606
18:40:09,SP-FUTURE,3018.0,2677,3018.0,134
18:40:11,ESX-FUTURE,3082.0,1856,3082.0,1096
18:40:11,SP-FUTURE,3018.0,248,3019.0,2563
18:40:11,ESX-FUTURE,3082.0,1451,3082.0,1501
18:40:13,ESX-FUTURE,3082.0,1975,3082.0,977
18:40:13,SP-FUTURE,3018.0,119,3018.0,2692
18:40:13,ESX-FUTURE,3082.0,1678,3082.0,1274
18:40:13,SP-FUTURE,3018.0,159,3018.0,2652
18:40:14,SP-FUTURE,3017.0,646,3018.0,2165
18:40:14,SP-FUTURE,3016.0,2532,3016.0,279
18:40:15,ESX-FUTURE,3082.0,2166,3082.0,786
18:40:15,ESX-FUTURE,3082.0,2671,3082.0,281
18:40:16,SP-FUTURE,3013.0,490,3013.0,2321
18:40:16,SP-FUTURE,3013.0,878,3013.0,1933
18:40:17,SP-FUTURE,3013.0,1952,3013.0,859
18:40:17,ESX-FUTURE,3082.0,2612,3082.0,340
18:40:17,ESX-FUTURE,3082.0,110,3082.0,2842
18:40:18,SP-FUTURE,3013.0,1946,3013.0,865
18:40:18,ESX-FUTURE,3080.0,2458,3080.0,494
18:40:19,SP-FUTURE,3013.0,1997,3013.0,814
18:40:19,ESX-FUTURE,3080.0,63,3081.0,2889
18:40:20,ESX-FUTURE,3078.0,2379,3078.0,573
18:40:20,ESX-FUTURE,3078.0,1723,3078.0,1229
18:40:20,SP-FUTURE,3013.0,2341,3013.0,470
18:40:21,ESX-FUTURE,3078.0,868,3078.0,2084
18:40:22,ESX-FUTURE,3078.0,880,3078.0,2072
18:40:22,SP-FUTURE,3013.0,304,3013.0,2507
18:40:23,SP-FUTURE,3013.0,695,3013.0,2116
18:40:23,ESX-FUTURE,3080.0,1687,3080.0,1265
18:40:23,ESX-FUTURE,3080.0,1688,3080.0,1264
18:40:24,SP-FUTURE,3013.0,1972,3013.0,839
18:40:24,ESX-FUTURE,3080.0,99,3080.0,2853
18:40:25,SP-FUTURE,3015.0,1615,3015.0,1196
18:40:26,ESX-FUTURE,3080.0,805,3080.0,2147
18:40:26,SP-FUTURE,3015.0,256,3016.0,2555
18:40:27,ESX-FUTURE,3080.0,600,3080.0,2352
18:40:27,SP-FUTURE,3015.0,898,3016.0,1913
18:40:28,SP-FUTURE,3015.0,835,3016.0,1976
18:40:28,ESX-FUTURE,3080.0,2402,3081.0,550
18:40:28,SP-FUTURE,3015.0,797,3016.0,2014
18:40:29,ESX-FUTURE,3080.0,1836,3081.0,1116
18:40:29,SP-FUTURE,3015.0,799,3016.0,2012
18:40:29,ESX-FUTURE,3080.0,2885,3081.0,67
18:40:30,SP-FUTURE,3015.0,813,3016.0,1998
18:40:30,ESX-FUTURE,3081.0,1182,3081.0,1770
18:40:31,SP-FUTURE,3015.0,996,3016.0,1815
18:40:31,SP-FUTURE,3015.0,2797,3015.0,14
18:40:31,ESX-FUTURE,3081.0,1183,3081.0,1769
18:40:32,SP-FUTURE,3016.0,2785,3016.0,26
18:40:33,ESX-FUTURE,3081.0,1112,3081.0,1840
18:40:34,SP-FUTURE,3016.0,295,3016.0,2516
18:40:34,ESX-FUTURE,3081.0,2231,3081.0,721
18:40:35,SP-FUTURE,3016.0,170,3016.0,2641
18:40:35,ESX-FUTURE,3081.0,2226,3081.0,726
18:40:36,SP-FUTURE,3016.0,149,3016.0,2662
18:40:36,ESX-FUTURE,3081.0,1838,3081.0,1114
18:40:37,SP-FUTURE,3015.0,359,3016.0,2452
18:40:38,ESX-FUTURE,3081.0,1842,3081.0,1110
18:40:38,SP-FUTURE,3015.0,435,3016.0,2376
18:40:38,ESX-FUTURE,3082.0,932,3082.0,2020
18:40:40,ESX-FUTURE,3082.0,1066,3082.0,1886
18:40:40,SP-FUTURE,3015.0,876,3016.0,1935
18:40:40,SP-FUTURE,3015.0,2677,3016.0,134
18:40:41,ESX-FUTURE,3082.0,2207,3082.0,745
18:40:42,SP-FUTURE,3015.0,2682,3016.0,129
18:40:42,ESX-FUTURE,3082.0,1536,3082.0,1416
18:40:43,SP-FUTURE,3015.0,1603,3015.0,1208
18:40:44,ESX-FUTURE,3082.0,2433,3082.0,519
18:40:44,SP-FUTURE,3015.0,450,3015.0,2361
18:40:44,ESX-FUTURE,3082.0,74,3082.0,2878
18:40:45,SP-FUTURE,3015.0,437,3015.0,2374
18:40:45,ESX-FUTURE,3082.0,165,3082.0,2787
18:40:46,SP-FUTURE,3015.0,417,3015.0,2394
18:40:46,ESX-FUTURE,3082.0,2871,3083.0,81
18:40:47,SP-FUTURE,3015.0,1223,3015.0,1588
18:40:47,ESX-FUTURE,3082.0,2297,3082.0,655
18:40:48,ESX-FUTURE,3083.0,2690,3083.0,262
18:40:48,SP-FUTURE,3015.0,1985,3015.0,826
18:40:50,ESX-FUTURE,3081.0,2817,3081.0,135
18:40:50,SP-FUTURE,3015.0,1673,3015.0,1138
18:40:50,ESX-FUTURE,3081.0,1842,3081.0,1110
18:40:51,SP-FUTURE,3013.0,531,3014.0,2280
18:40:51,ESX-FUTURE,3081.0,1711,3081.0,1241
18:40:51,ESX-FUTURE,3081.0,565,3081.0,2387
18:40:52,ESX-FUTURE,3081.0,2559,3081.0,393
18:40:52,SP-FUTURE,3013.0,596,3014.0,2215
18:40:52,ESX-FUTURE,3081.0,2265,3081.0,687
18:40:53,SP-FUTURE,3014.0,113,3014.0,2698
18:40:53,ESX-FUTURE,3081.0,2174,3081.0,778
18:40:53,SP-FUTURE,3013.0,2131,3014.0,680
18:40:54,SP-FUTURE,3013.0,149,3013.0,2662
18:40:54,SP-FUTURE,3013.0,738,3013.0,2073
18:40:55,ESX-FUTURE,3081.0,2302,3081.0,650
18:40:55,SP-FUTURE,3013.0,736,3013.0,2075
18:40:55,ESX-FUTURE,3081.0,2268,3081.0,684
18:40:56,SP-FUTURE,3013.0,835,3013.0,1976
18:40:57,SP-FUTURE,3013.0,1554,3013.0,1257
18:40:57,ESX-FUTURE,3081.0,2321,3081.0,631
18:40:58,SP-FUTURE,3013.0,210,3013.0,2601
18:40:59,SP-FUTURE,3013.0,131,3013.0,2680
18:41:00,ESX-FUTURE,3081.0,2204,3081.0,748
18:41:00,SP-FUTURE,3013.0,1376,3013.0,1435
18:41:01,ESX-FUTURE,3081.0,1433,3082.0,1519
18:41:01,SP-FUTURE,3013.0,2620,3014.0,191
18:41:02,SP-FUTURE,3012.0,369,3012.0,2442
18:41:03,SP-FUTURE,3012.0,724,3012.0,2087
18:41:03,ESX-FUTURE,3081.0,1154,3082.0,1798
18:41:03,SP-FUTURE,3012.0,260,3012.0,2551
18:41:04,ESX-FUTURE,3081.0,949,3082.0,2003
18:41:05,SP-FUTURE,3013.0,1265,3014.0,1546
18:41:06,ESX-FUTURE,3081.0,662,3082.0,2290
18:41:06,SP-FUTURE,3013.0,1384,3014.0,1427
18:41:08,ESX-FUTURE,3080.0,1090,3080.0,1862
18:41:08,ESX-FUTURE,3080.0,1858,3080.0,1094
18:41:09,SP-FUTURE,3013.0,2386,3014.0,425
18:41:09,SP-FUTURE,3014.0,520,3014.0,2291
18:41:10,ESX-FUTURE,3080.0,1944,3080.0,1008
18:41:11,SP-FUTURE,3014.0,792,3014.0,2019
18:41:11,ESX-FUTURE,3080.0,1183,3080.0,1769
18:41:11,SP-FUTURE,3016.0,960,3016.0,1851
18:41:12,ESX-FUTURE,3080.0,1186,3080.0,1766
18:41:13,ESX-FUTURE,3080.0,150,3081.0,2802
18:41:13,SP-FUTURE,3020.0,328,3020.0,2483
18:41:14,ESX-FUTURE,3080.0,2878,3080.0,74
18:41:14,SP-FUTURE,3020.0,351,3020.0,2460
18:41:15,ESX-FUTURE,3080.0,2856,3080.0,96
18:41:15,SP-FUTURE,3019.0,1923,3020.0,888
18:41:16,ESX-FUTURE,3081.0,619,3081.0,2333
18:41:16,SP-FUTURE,3019.0,2260,3020.0,551
18:41:16,SP-FUTURE,3020.0,1601,3020.0,1210
18:41:17,ESX-FUTURE,3080.0,1079,3080.0,1873
18:41:17,ESX-FUTURE,3080.0,1152,3080.0,1800
18:41:17,SP-FUTURE,3020.0,1566,3020.0,1245
18:41:18,SP-FUTURE,3020.0,34,3021.0,2777
18:41:18,ESX-FUTURE,3080.0,1421,3080.0,1531
18:41:19,ESX-FUTURE,3080.0,1402,3080.0,1550
18:41:19,ESX-FUTURE,3080.0,1400,3080.0,1552
18:41:20,SP-FUTURE,3021.0,2351,3021.0,460
18:41:21,SP-FUTURE,3020.0,156,3021.0,2655
18:41:21,ESX-FUTURE,3080.0,1407,3080.0,1545
18:41:22,ESX-FUTURE,3080.0,1403,3080.0,1549
18:41:22,SP-FUTURE,3021.0,548,3021.0,2263
18:41:23,ESX-FUTURE,3080.0,1131,3080.0,1821
18:41:24,SP-FUTURE,3021.0,2160,3021.0,651
18:41:25,ESX-FUTURE,3080.0,866,3080.0,2086
18:41:25,SP-FUTURE,3021.0,1736,3021.0,1075
18:41:27,SP-FUTURE,3021.0,757,3021.0,2054
18:41:27,ESX-FUTURE,3080.0,708,3080.0,2244
18:41:28,SP-FUTURE,3021.0,1836,3021.0,975
18:41:28,ESX-FUTURE,3080.0,720,3080.0,2232
18:41:29,ESX-FUTURE,3080.0,1759,3080.0,1193
18:41:29,SP-FUTURE,3021.0,819,3021.0,1992
18:41:29,ESX-FUTURE,3080.0,2897,3080.0,55
18:41:30,ESX-FUTURE,3080.0,222,3081.0,2730
18:41:30,SP-FUTURE,3021.0,467,3021.0,2344
18:41:30,ESX-FUTURE,3080.0,710,3081.0,2242
18:41:31,SP-FUTURE,3021.0,444,3021.0,2367
18:41:32,SP-FUTURE,3021.0,2444,3021.0,367
18:41:32,ESX-FUTURE,3080.0,2048,3080.0,904
18:41:33,SP-FUTURE,3021.0,2167,3021.0,644
18:41:34,ESX-FUTURE,3080.0,2446,3080.0,506
18:41:34,ESX-FUTURE,3080.0,585,3080.0,2367
18:41:34,SP-FUTURE,3022.0,1473,3022.0,1338
18:41:35,ESX-FUTURE,3081.0,2049,3082.0,903
18:41:35,SP-FUTURE,3019.0,1706,3020.0,1105
18:41:36,ESX-FUTURE,3081.0,814,3081.0,2138
18:41:36,SP-FUTURE,3019.0,1679,3020.0,1132
18:41:36,SP-FUTURE,3021.0,499,3021.0,2312
18:41:37,ESX-FUTURE,3081.0,988,3082.0,1964
18:41:37,SP-FUTURE,3021.0,264,3021.0,2547
18:41:37,SP-FUTURE,3021.0,2735,3021.0,76
18:41:38,SP-FUTURE,3021.0,1930,3021.0,881
18:41:39,SP-FUTURE,3021.0,138,3021.0,2673
18:41:39,ESX-FUTURE,3081.0,747,3082.0,2205
18:41:40,SP-FUTURE,3021.0,1913,3021.0,898
18:41:40,SP-FUTURE,3021.0,1904,3021.0,907
18:41:40,ESX-FUTURE,3081.0,1409,3081.0,1543
18:41:42,ESX-FUTURE,3079.0,1897,3079.0,1055
18:41:42,SP-FUTURE,3021.0,1984,3021.0,827
18:41:43,SP-FUTURE,3021.0,1905,3021.0,906
18:41:43,SP-FUTURE,3021.0,2265,3021.0,546
18:41:43,ESX-FUTURE,3079.0,1002,3079.0,1950
18:41:44,ESX-FUTURE,3076.0,718,3076.0,2234
18:41:44,SP-FUTURE,3021.0,155,3022.0,2656
18:41:45,ESX-FUTURE,3076.0,812,3076.0,2140
18:41:46,SP-FUTURE,3021.0,815,3022.0,1996
18:41:46,SP-FUTURE,3021.0,464,3021.0,2347
18:41:47,ESX-FUTURE,3076.0,217,3076.0,2735
18:41:47,SP-FUTURE,3021.0,125,3021.0,2686
18:41:47,ESX-FUTURE,3076.0,2277,3077.0,675
18:41:48,SP-FUTURE,3021.0,2196,3022.0,615
18:41:48,ESX-FUTURE,3076.0,2476,3077.0,476
18:41:49,ESX-FUTURE,3075.0,1402,3075.0,1550
18:41:49,SP-FUTURE,3021.0,2304,3022.0,507
18:41:49,SP-FUTURE,3021.0,2725,3022.0,86
18:41:50,ESX-FUTURE,3075.0,1495,3075.0,1457
18:41:51,SP-FUTURE,3022.0,2293,3022.0,518
18:41:51,ESX-FUTURE,3075.0,566,3075.0,2386
18:41:51,SP-FUTURE,3022.0,215,3022.0,2596
18:41:52,SP-FUTURE,3022.0,1119,3022.0,1692
18:41:52,ESX-FUTURE,3073.0,2920,3074.0,32
18:41:53,ESX-FUTURE,3074.0,907,3074.0,2045
18:41:53,SP-FUTURE,3022.0,1072,3022.0,1739
18:41:53,ESX-FUTURE,3074.0,1128,3074.0,1824
18:41:54,SP-FUTURE,3022.0,1035,3022.0,1776
18:41:54,ESX-FUTURE,3074.0,448,3074.0,2504
18:41:55,SP-FUTURE,3022.0,952,3022.0,1859
18:41:56,ESX-FUTURE,3074.0,419,3074.0,2533
18:41:56,SP-FUTURE,3022.0,639,3022.0,2172
18:41:56,ESX-FUTURE,3074.0,1945,3074.0,1007
18:41:57,SP-FUTURE,3022.0,2285,3022.0,526
18:41:57,ESX-FUTURE,3074.0,1810,3074.0,1142
18:41:58,ESX-FUTURE,3074.0,1413,3074.0,1539
18:41:58,ESX-FUTURE,3073.0,450,3074.0,2502
18:41:58,SP-FUTURE,3025.0,511,3026.0,2300
18:41:59,ESX-FUTURE,3074.0,2044,3074.0,908
18:41:59,ESX-FUTURE,3074.0,54,3074.0,2898
18:42:00,ESX-FUTURE,3075.0,2939,3075.0,13
18:42:00,SP-FUTURE,3025.0,476,3026.0,2335
18:42:00,ESX-FUTURE,3075.0,1874,3075.0,1078
18:42:01,SP-FUTURE,3026.0,1213,3026.0,1598
18:42:02,SP-FUTURE,3026.0,1892,3026.0,919
18:42:02,ESX-FUTURE,3075.0,448,3076.0,2504
18:42:02,SP-FUTURE,3027.0,2510,3027.0,301
18:42:03,ESX-FUTURE,3074.0,2618,3075.0,334
18:42:04,ESX-FUTURE,3075.0,212,3075.0,2740
18:42:04,SP-FUTURE,3027.0,2645,3027.0,166
18:42:04,ESX-FUTURE,3074.0,5,3075.0,2947
18:42:05,SP-FUTURE,3030.0,605,3031.0,2206
18:42:05,ESX-FUTURE,3074.0,2360,3074.0,592
18:42:06,ESX-FUTURE,3074.0,2330,3074.0,622
18:42:06,SP-FUTURE,3030.0,1378,3031.0,1433
18:42:06,SP-FUTURE,3031.0,308,3031.0,2503
18:42:07,ESX-FUTURE,3074.0,2029,3074.0,923
18:42:07,ESX-FUTURE,3075.0,1190,3075.0,1762
18:42:07,SP-FUTURE,3031.0,196,3031.0,2615
18:42:08,ESX-FUTURE,3075.0,711,3076.0,2241
18:42:08,SP-FUTURE,3031.0,176,3031.0,2635
18:42:08,ESX-FUTURE,3075.0,2895,3075.0,57
18:42:09,SP-FUTURE,3031.0,181,3031.0,2630
18:42:10,SP-FUTURE,3031.0,246,3031.0,2565
18:42:10,ESX-FUTURE,3075.0,2605,3075.0,347
18:42:11,SP-FUTURE,3031.0,357,3031.0,2454
18:42:12,ESX-FUTURE,3075.0,376,3075.0,2576
18:42:12,SP-FUTURE,3034.0,246,3034.0,2565
18:42:13,ESX-FUTURE,3075.0,86,3075.0,2866
18:42:14,SP-FUTURE,3034.0,240,3034.0,2571
18:42:14,ESX-FUTURE,3075.0,6,3075.0,2946
18:42:14,ESX-FUTURE,3075.0,2826,3075.0,126
18:42:15,ESX-FUTURE,3075.0,2581,3075.0,371
18:42:16,SP-FUTURE,3034.0,17,3034.0,2794
18:42:16,ESX-FUTURE,3075.0,2648,3075.0,304
18:42:17,ESX-FUTURE,3075.0,2638,3075.0,314
18:42:17,SP-FUTURE,3034.0,239,3034.0,2572
18:42:17,SP-FUTURE,3034.0,1343,3034.0,1468
18:42:18,ESX-FUTURE,3076.0,889,3076.0,2063
18:42:19,SP-FUTURE,3036.0,2808,3036.0,3
18:42:19,ESX-FUTURE,3076.0,800,3076.0,2152
18:42:20,SP-FUTURE,3036.0,2414,3036.0,397
18:42:20,ESX-FUTURE,3075.0,2010,3075.0,942
18:42:21,ESX-FUTURE,3075.0,2581,3075.0,371
18:42:21,SP-FUTURE,3036.0,525,3036.0,2286
18:42:22,ESX-FUTURE,3075.0,1933,3075.0,1019
18:42:23,SP-FUTURE,3035.0,2786,3035.0,25
18:42:23,ESX-FUTURE,3075.0,1934,3075.0,1018
18:42:24,SP-FUTURE,3035.0,388,3035.0,2423
18:42:25,SP-FUTURE,3035.0,73,3035.0,2738
18:42:26,SP-FUTURE,3034.0,96,3035.0,2715
18:42:26,ESX-FUTURE,3075.0,1867,3075.0,1085
18:42:27,ESX-FUTURE,3075.0,2135,3075.0,817
18:42:28,SP-FUTURE,3034.0,459,3035.0,2352
18:42:28,ESX-FUTURE,3075.0,2140,3075.0,812
18:42:29,SP-FUTURE,3034.0,2413,3035.0,398
18:42:29,ESX-FUTURE,3075.0,2055,3075.0,897
18:42:29,SP-FUTURE,3034.0,2250,3034.0,561
18:42:31,ESX-FUTURE,3075.0,1054,3076.0,1898
18:42:32,ESX-FUTURE,3072.0,1122,3073.0,1830
18:42:32,SP-FUTURE,3034.0,2724,3035.0,87
18:42:32,ESX-FUTURE,3072.0,813,3073.0,2139
18:42:33,ESX-FUTURE,3072.0,825,3073.0,2127
18:42:33,ESX-FUTURE,3072.0,902,3073.0,2050
18:42:33,SP-FUTURE,3035.0,2176,3035.0,635
18:42:33,ESX-FUTURE,3073.0,318,3073.0,2634
18:42:34,SP-FUTURE,3035.0,1336,3035.0,1475
18:42:34,ESX-FUTURE,3072.0,2190,3073.0,762
18:42:35,SP-FUTURE,3034.0,2030,3034.0,781
18:42:35,SP-FUTURE,3034.0,2762,3034.0,49
18:42:35,ESX-FUTURE,3072.0,2077,3073.0,875
18:42:35,SP-FUTURE,3034.0,610,3035.0,2201
18:42:37,ESX-FUTURE,3072.0,978,3073.0,1974
18:42:37,SP-FUTURE,3035.0,2032,3035.0,779
18:42:37,ESX-FUTURE,3070.0,28,3071.0,2924
18:42:38,SP-FUTURE,3035.0,2041,3035.0,770
18:42:38,ESX-FUTURE,3071.0,2747,3071.0,205
18:42:38,ESX-FUTURE,3071.0,1690,3071.0,1262
18:42:39,ESX-FUTURE,3071.0,1788,3071.0,1164
18:42:39,SP-FUTURE,3035.0,1010,3036.0,1801
18:42:41,ESX-FUTURE,3070.0,984,3071.0,1968
18:42:41,ESX-FUTURE,3070.0,421,3071.0,2531
18:42:41,SP-FUTURE,3036.0,969,3036.0,1842
18:42:41,ESX-FUTURE,3070.0,2271,3070.0,681
18:42:41,SP-FUTURE,3034.0,88,3034.0,2723
18:42:42,SP-FUTURE,3034.0,2395,3034.0,416
18:42:42,ESX-FUTURE,3070.0,1194,3070.0,1758
18:42:43,SP-FUTURE,3034.0,1070,3034.0,1741
18:42:44,SP-FUTURE,3033.0,916,3033.0,1895
18:42:44,ESX-FUTURE,3070.0,1042,3070.0,1910
18:42:44,ESX-FUTURE,3070.0,2081,3070.0,871
18:42:45,SP-FUTURE,3033.0,762,3034.0,2049
18:42:45,ESX-FUTURE,3072.0,2634,3072.0,318
18:42:46,ESX-FUTURE,3074.0,85,3074.0,2867
18:42:46,SP-FUTURE,3033.0,723,3034.0,2088
18:42:47,ESX-FUTURE,3075.0,1895,3075.0,1057
18:42:47,ESX-FUTURE,3075.0,2017,3075.0,935
18:42:47,ESX-FUTURE,3075.0,2618,3075.0,334
18:42:48,SP-FUTURE,3033.0,291,3034.0,2520
18:42:49,ESX-FUTURE,3075.0,2167,3075.0,785
18:42:49,SP-FUTURE,3033.0,2606,3033.0,205
18:42:49,ESX-FUTURE,3075.0,2145,3075.0,807
18:42:50,SP-FUTURE,3033.0,1154,3033.0,1657
18:42:51,ESX-FUTURE,3075.0,422,3075.0,2530
18:42:51,SP-FUTURE,3033.0,613,3033.0,2198
18:42:52,ESX-FUTURE,3075.0,255,3075.0,2697
18:42:52,SP-FUTURE,3033.0,512,3033.0,2299
18:42:52,ESX-FUTURE,3075.0,578,3075.0,2374
18:42:53,SP-FUTURE,3036.0,1529,3036.0,1282
18:42:54,ESX-FUTURE,3075.0,2000,3075.0,952
18:42:55,SP-FUTURE,3036.0,1549,3036.0,1262
18:42:56,SP-FUTURE,3036.0,2371,3037.0,440
18:42:56,ESX-FUTURE,3075.0,2774,3075.0,178
18:42:56,SP-FUTURE,3036.0,1390,3037.0,1421
18:42:57,SP-FUTURE,3036.0,1905,3037.0,906
18:42:57,ESX-FUTURE,3075.0,919,3075.0,2033
18:42:58,ESX-FUTURE,3075.0,1998,3075.0,954
18:42:59,SP-FUTURE,3037.0,1913,3037.0,898
18:42:59,ESX-FUTURE,3075.0,709,3075.0,2243
18:43:00,ESX-FUTURE,3075.0,1086,3075.0,1866
18:43:01,SP-FUTURE,3037.0,1919,3037.0,892
18:43:01,ESX-FUTURE,3075.0,311,3075.0,2641
18:43:03,SP-FUTURE,3039.0,1393,3039.0,1418
18:43:03,ESX-FUTURE,3076.0,206,3077.0,2746
18:43:04,ESX-FUTURE,3077.0,439,3077.0,2513
18:43:04,SP-FUTURE,3039.0,1136,3039.0,1675
18:43:04,ESX-FUTURE,3077.0,2702,3077.0,250
18:43:05,ESX-FUTURE,3076.0,75,3077.0,2877
18:43:05,SP-FUTURE,3039.0,1165,3039.0,1646
18:43:05,SP-FUTURE,3039.0,1204,3039.0,1607
18:43:06,SP-FUTURE,3039.0,1782,3039.0,1029
18:43:06,ESX-FUTURE,3076.0,2320,3076.0,632
18:43:07,SP-FUTURE,3037.0,2512,3038.0,299
18:43:07,SP-FUTURE,3037.0,2680,3038.0,131
18:43:08,ESX-FUTURE,3076.0,2456,3076.0,496
18:43:08,SP-FUTURE,3038.0,194,3038.0,2617
18:43:09,SP-FUTURE,3038.0,245,3038.0,2566
18:43:09,ESX-FUTURE,3076.0,1191,3076.0,1761
18:43:09,SP-FUTURE,3038.0,237,3039.0,2574
18:43:10,SP-FUTURE,3038.0,1600,3038.0,1211
18:43:10,ESX-FUTURE,3076.0,2456,3076.0,496
18:43:11,SP-FUTURE,3038.0,2190,3038.0,621
18:43:12,ESX-FUTURE,3076.0,2893,3076.0,59
18:43:12,SP-FUTURE,3034.0,1115,3034.0,1696
18:43:13,ESX-FUTURE,3076.0,2447,3076.0,505
18:43:13,SP-FUTURE,3034.0,796,3034.0,2015
18:43:15,ESX-FUTURE,3076.0,1806,3076.0,1146
18:43:15,SP-FUTURE,3034.0,1794,3034.0,1017
18:43:16,ESX-FUTURE,3076.0,1874,3076.0,1078
18:43:16,SP-FUTURE,3034.0,2338,3034.0,473
18:43:17,SP-FUTURE,3034.0,856,3034.0,1955
18:43:17,ESX-FUTURE,3076.0,1009,3076.0,1943
18:43:18,SP-FUTURE,3036.0,1302,3037.0,1509
18:43:18,ESX-FUTURE,3075.0,1346,3075.0,1606
18:43:19,SP-FUTURE,3037.0,437,3037.0,2374
18:43:19,SP-FUTURE,3037.0,279,3038.0,2532
18:43:19,ESX-FUTURE,3075.0,1222,3075.0,1730
18:43:20,SP-FUTURE,3039.0,627,3039.0,2184
18:43:21,ESX-FUTURE,3075.0,1221,3075.0,1731
18:43:21,SP-FUTURE,3038.0,2108,3039.0,703
18:43:21,SP-FUTURE,3038.0,287,3039.0,2524
18:43:22,ESX-FUTURE,3075.0,452,3075.0,2500
18:43:23,SP-FUTURE,3039.0,2354,3039.0,457
18:43:23,ESX-FUTURE,3075.0,1253,3075.0,1699
18:43:23,ESX-FUTURE,3075.0,1389,3075.0,1563
18:43:24,ESX-FUTURE,3075.0,1395,3075.0,1557
18:43:24,SP-FUTURE,3038.0,1289,3038.0,1522
18:43:24,SP-FUTURE,3038.0,888,3038.0,1923
18:43:25,SP-FUTURE,3038.0,2662,3039.0,149
18:43:25,ESX-FUTURE,3075.0,1932,3075.0,1020
18:43:26,ESX-FUTURE,3075.0,1987,3075.0,965
18:43:26,SP-FUTURE,3039.0,2050,3039.0,761
18:43:27,SP-FUTURE,3039.0,2447,3039.0,364
18:43:28,ESX-FUTURE,3075.0,2714,3075.0,238
18:43:28,SP-FUTURE,3039.0,2439,3039.0,372
18:43:29,SP-FUTURE,3039.0,2421,3039.0,390
18:43:29,ESX-FUTURE,3075.0,181,3075.0,2771
18:43:30,SP-FUTURE,3039.0,2416,3039.0,395
18:43:31,ESX-FUTURE,3075.0,2243,3075.0,709
18:43:32,SP-FUTURE,3039.0,246,3039.0,2565
18:43:32,ESX-FUTURE,3075.0,979,3075.0,1973
18:43:32,ESX-FUTURE,3075.0,1088,3075.0,1864
18:43:32,SP-FUTURE,3039.0,613,3039.0,2198
18:43:33,SP-FUTURE,3039.0,1749,3039.0,1062
18:43:33,ESX-FUTURE,3075.0,1036,3075.0,1916
18:43:34,ESX-FUTURE,3075.0,215,3075.0,2737
18:43:35,SP-FUTURE,3039.0,1630,3039.0,1181
18:43:35,ESX-FUTURE,3074.0,1233,3074.0,1719
18:43:36,SP-FUTURE,3039.0,382,3040.0,2429
18:43:36,ESX-FUTURE,3074.0,1376,3074.0,1576
18:43:37,ESX-FUTURE,3074.0,1387,3074.0,1565
18:43:37,SP-FUTURE,3039.0,291,3040.0,2520
18:43:38,ESX-FUTURE,3074.0,1363,3074.0,1589
18:43:38,SP-FUTURE,3038.0,2031,3038.0,780
18:43:39,ESX-FUTURE,3074.0,1162,3074.0,1790
18:43:39,ESX-FUTURE,3074.0,1198,3074.0,1754
18:43:39,SP-FUTURE,3038.0,1583,3038.0,1228
18:43:40,SP-FUTURE,3038.0,1507,3038.0,1304
18:43:40,ESX-FUTURE,3074.0,1662,3074.0,1290
18:43:41,ESX-FUTURE,3074.0,1694,3075.0,1258
18:43:41,SP-FUTURE,3037.0,139,3038.0,2672
18:43:42,ESX-FUTURE,3074.0,1702,3075.0,1250
18:43:42,ESX-FUTURE,3074.0,1837,3075.0,1115
18:43:42,SP-FUTURE,3037.0,2065,3038.0,746
18:43:43,SP-FUTURE,3037.0,22,3038.0,2789
18:43:43,ESX-FUTURE,3074.0,2202,3075.0,750
18:43:44,ESX-FUTURE,3074.0,2814,3075.0,138
18:43:44,ESX-FUTURE,3078.0,2344,3079.0,608
18:43:44,SP-FUTURE,3037.0,2772,3037.0,39
18:43:44,SP-FUTURE,3037.0,1054,3038.0,1757
18:43:45,SP-FUTURE,3037.0,148,3037.0,2663
18:43:46,ESX-FUTURE,3082.0,417,3083.0,2535
18:43:46,SP-FUTURE,3037.0,1899,3038.0,912
18:43:47,ESX-FUTURE,3082.0,2471,3082.0,481
18:43:47,SP-FUTURE,3037.0,1937,3038.0,874
18:43:48,SP-FUTURE,3037.0,987,3038.0,1824
18:43:48,ESX-FUTURE,3082.0,394,3082.0,2558
18:43:50,SP-FUTURE,3037.0,873,3038.0,1938
18:43:50,ESX-FUTURE,3083.0,2055,3083.0,897
18:43:51,ESX-FUTURE,3083.0,2494,3083.0,458
18:43:51,ESX-FUTURE,3083.0,2636,3083.0,316
18:43:51,ESX-FUTURE,3083.0,691,3083.0,2261
18:43:51,SP-FUTURE,3037.0,2011,3037.0,800
18:43:52,SP-FUTURE,3037.0,146,3038.0,2665
18:43:53,ESX-FUTURE,3083.0,787,3083.0,2165
18:43:53,SP-FUTURE,3037.0,814,3038.0,1997
18:43:54,ESX-FUTURE,3082.0,1949,3083.0,1003
18:43:55,SP-FUTURE,3038.0,1882,3038.0,929
18:43:56,ESX-FUTURE,3080.0,1455,3080.0,1497
18:43:56,SP-FUTURE,3037.0,304,3038.0,2507
18:43:57,ESX-FUTURE,3080.0,1371,3080.0,1581
18:43:57,SP-FUTURE,3037.0,250,3038.0,2561
18:43:57,ESX-FUTURE,3080.0,1800,3080.0,1152
18:43:58,SP-FUTURE,3038.0,2392,3038.0,419
18:43:58,ESX-FUTURE,3080.0,438,3080.0,2514
18:43:59,SP-FUTURE,3038.0,74,3038.0,2737
18:43:59,ESX-FUTURE,3080.0,686,3080.0,2266
18:44:00,SP-FUTURE,3038.0,227,3038.0,2584
18:44:01,SP-FUTURE,3038.0,1956,3038.0,855
18:44:01,ESX-FUTURE,3080.0,880,3080.0,2072
18:44:02,SP-FUTURE,3038.0,2462,3038.0,349
18:44:03,ESX-FUTURE,3080.0,723,3080.0,2229
18:44:03,SP-FUTURE,3039.0,196,3039.0,2615
18:44:03,SP-FUTURE,3038.0,398,3038.0,2413
18:44:05,SP-FUTURE,3038.0,2209,3038.0,602
18:44:05,ESX-FUTURE,3080.0,1440,3080.0,1512
18:44:06,SP-FUTURE,3037.0,679,3037.0,2132
18:44:06,ESX-FUTURE,3080.0,1562,3080.0,1390
18:44:07,ESX-FUTURE,3080.0,1309,3080.0,1643
18:44:07,SP-FUTURE,3037.0,612,3037.0,2199
18:44:08,ESX-FUTURE,3081.0,2502,3081.0,450
18:44:09,SP-FUTURE,3034.0,2177,3034.0,634
18:44:10,SP-FUTURE,3033.0,383,3034.0,2428
18:44:10,ESX-FUTURE,3081.0,24,3081.0,2928
18:44:11,SP-FUTURE,3033.0,431,3034.0,2380
18:44:11,ESX-FUTURE,3081.0,11,3081.0,2941
18:44:12,ESX-FUTURE,3081.0,1793,3082.0,1159
18:44:12,SP-FUTURE,3033.0,598,3034.0,2213
18:44:14,ESX-FUTURE,3084.0,861,3085.0,2091
18:44:14,SP-FUTURE,3033.0,1998,3033.0,813
18:44:14,ESX-FUTURE,3085.0,1816,3085.0,1136
18:44:15,SP-FUTURE,3033.0,1387,3033.0,1424
18:44:16,SP-FUTURE,3032.0,1894,3032.0,917
18:44:16,ESX-FUTURE,3085.0,1497,3085.0,1455
18:44:17,SP-FUTURE,3032.0,2571,3032.0,240
18:44:17,SP-FUTURE,3032.0,792,3032.0,2019
18:44:17,ESX-FUTURE,3085.0,2407,3085.0,545
18:44:18,SP-FUTURE,3032.0,5,3032.0,2806
18:44:18,ESX-FUTURE,3085.0,2406,3085.0,546
18:44:19,SP-FUTURE,3032.0,1678,3032.0,1133
18:44:19,SP-FUTURE,3032.0,435,3033.0,2376
18:44:19,ESX-FUTURE,3085.0,2208,3085.0,744
18:44:19,SP-FUTURE,3032.0,299,3032.0,2512
18:44:21,ESX-FUTURE,3085.0,1906,3085.0,1046
18:44:21,SP-FUTURE,3031.0,1122,3032.0,1689
18:44:21,ESX-FUTURE,3085.0,2576,3085.0,376
18:44:22,SP-FUTURE,3031.0,2069,3032.0,742
18:44:23,ESX-FUTURE,3083.0,1032,3083.0,1920
18:44:23,ESX-FUTURE,3083.0,379,3083.0,2573
18:44:23,SP-FUTURE,3032.0,2491,3032.0,320
18:44:24,SP-FUTURE,3032.0,2438,3032.0,373
18:44:24,ESX-FUTURE,3083.0,1550,3083.0,1402
18:44:25,SP-FUTURE,3031.0,2089,3032.0,722
18:44:26,SP-FUTURE,3032.0,1978,3032.0,833
18:44:26,ESX-FUTURE,3083.0,1227,3083.0,1725
18:44:26,SP-FUTURE,3032.0,33,3032.0,2778
18:44:27,SP-FUTURE,3032.0,2123,3032.0,688
18:44:27,ESX-FUTURE,3083.0,2393,3083.0,559
18:44:28,SP-FUTURE,3032.0,2498,3032.0,313
18:44:28,ESX-FUTURE,3083.0,2386,3083.0,566
18:44:29,SP-FUTURE,3031.0,2728,3031.0,83
18:44:29,SP-FUTURE,3031.0,2765,3031.0,46
18:44:29,ESX-FUTURE,3083.0,2297,3083.0,655
18:44:30,SP-FUTURE,3030.0,1214,3030.0,1597
18:44:30,ESX-FUTURE,3083.0,166,3083.0,2786
18:44:31,SP-FUTURE,3030.0,1599,3030.0,1212
18:44:32,ESX-FUTURE,3083.0,1379,3083.0,1573
18:44:32,SP-FUTURE,3030.0,1792,3030.0,1019
18:44:33,ESX-FUTURE,3083.0,1544,3083.0,1408
18:44:33,SP-FUTURE,3030.0,1364,3030.0,1447
18:44:34,ESX-FUTURE,3083.0,2650,3083.0,302
18:44:35,SP-FUTURE,3030.0,1334,3030.0,1477
18:44:35,ESX-FUTURE,3083.0,2707,3083.0,245
18:44:36,SP-FUTURE,3030.0,1387,3030.0,1424
18:44:36,ESX-FUTURE,3084.0,456,3084.0,2496
18:44:37,SP-FUTURE,3030.0,1304,3030.0,1507
18:44:37,ESX-FUTURE,3085.0,406,3086.0,2546
18:44:37,SP-FUTURE,3031.0,118,3031.0,2693
18:44:37,ESX-FUTURE,3085.0,154,3086.0,2798
18:44:38,SP-FUTURE,3031.0,576,3031.0,2235
18:44:38,SP-FUTURE,3031.0,2307,3031.0,504
18:44:39,ESX-FUTURE,3085.0,984,3086.0,1968
18:44:40,ESX-FUTURE,3085.0,2948,3085.0,4
18:44:40,ESX-FUTURE,3085.0,604,3085.0,2348
18:44:40,SP-FUTURE,3031.0,2213,3031.0,598
18:44:41,ESX-FUTURE,3085.0,714,3086.0,2238
18:44:41,SP-FUTURE,3031.0,1830,3031.0,981
18:44:42,ESX-FUTURE,3085.0,397,3086.0,2555
18:44:42,SP-FUTURE,3031.0,1417,3031.0,1394
18:44:42,ESX-FUTURE,3084.0,2844,3085.0,108
18:44:43,ESX-FUTURE,3084.0,2589,3085.0,363
18:44:43,ESX-FUTURE,3084.0,1098,3085.0,1854
18:44:44,ESX-FUTURE,3084.0,2640,3084.0,312
18:44:44,SP-FUTURE,3030.0,25,3030.0,2786
18:44:45,ESX-FUTURE,3084.0,42,3085.0,2910
18:44:45,SP-FUTURE,3030.0,10,3030.0,2801
18:44:45,SP-FUTURE,3030.0,72,3030.0,2739
18:44:46,ESX-FUTURE,3085.0,2336,3085.0,616
18:44:46,SP-FUTURE,3030.0,99,3030.0,2712
18:44:48,SP-FUTURE,3030.0,2591,3030.0,220
18:44:48,ESX-FUTURE,3085.0,2341,3085.0,611
18:44:49,ESX-FUTURE,3085.0,1699,3085.0,1253
18:44:49,SP-FUTURE,3030.0,1003,3030.0,1808
18:44:49,ESX-FUTURE,3085.0,117,3085.0,2835
18:44:49,SP-FUTURE,3030.0,1199,3030.0,1612
18:44:50,ESX-FUTURE,3085.0,1644,3085.0,1308
18:44:50,SP-FUTURE,3030.0,2445,3030.0,366
18:44:51,SP-FUTURE,3030.0,2411,3030.0,400
18:44:51,ESX-FUTURE,3085.0,1760,3085.0,1192
18:44:52,ESX-FUTURE,3085.0,2457,3085.0,495
18:44:52,SP-FUTURE,3030.0,1436,3030.0,1375
18:44:53,ESX-FUTURE,3085.0,2265,3085.0,687
18:44:54,SP-FUTURE,3030.0,953,3031.0,1858
18:44:54,ESX-FUTURE,3085.0,2685,3085.0,267
18:44:54,SP-FUTURE,3030.0,915,3031.0,1896
18:44:55,ESX-FUTURE,3084.0,2370,3084.0,582
18:44:55,SP-FUTURE,3029.0,402,3030.0,2409
18:44:57,ESX-FUTURE,3084.0,1597,3084.0,1355
18:44:57,SP-FUTURE,3030.0,892,3030.0,1919
18:44:57,ESX-FUTURE,3084.0,1881,3084.0,1071
18:44:58,SP-FUTURE,3030.0,1159,3030.0,1652
18:44:58,ESX-FUTURE,3084.0,1002,3084.0,1950
18:44:59,SP-FUTURE,3030.0,1959,3031.0,852
18:44:59,ESX-FUTURE,3084.0,2758,3084.0,194
18:45:00,ESX-FUTURE,3084.0,1317,3084.0,1635
18:45:00,SP-FUTURE,3031.0,650,3032.0,2161
18:45:00,SP-FUTURE,3031.0,608,3032.0,2203
18:45:01,ESX-FUTURE,3084.0,1133,3084.0,1819
18:45:02,SP-FUTURE,3033.0,1442,3034.0,1369
18:45:02,ESX-FUTURE,3084.0,2119,3084.0,833
18:45:03,SP-FUTURE,3033.0,2210,3034.0,601
18:45:03,ESX-FUTURE,3084.0,2386,3084.0,566
18:45:03,SP-FUTURE,3033.0,2273,3034.0,538
18:45:04,SP-FUTURE,3032.0,220,3032.0,2591
18:45:04,ESX-FUTURE,3084.0,2014,3084.0,938
18:45:04,SP-FUTURE,3031.0,562,3032.0,2249
18:45:05,ESX-FUTURE,3084.0,2244,3084.0,708
18:45:05,SP-FUTURE,3029.0,2798,3029.0,13
18:45:06,SP-FUTURE,3029.0,2689,3029.0,122
18:45:07,ESX-FUTURE,3084.0,2622,3084.0,330
18:45:07,SP-FUTURE,3029.0,1109,3029.0,1702
18:45:08,ESX-FUTURE,3083.0,231,3084.0,2721
18:45:08,ESX-FUTURE,3083.0,2871,3083.0,81
18:45:08,SP-FUTURE,3029.0,1212,3029.0,1599
18:45:10,ESX-FUTURE,3083.0,231,3083.0,2721
18:45:10,SP-FUTURE,3029.0,1716,3029.0,1095
18:45:10,ESX-FUTURE,3083.0,1514,3083.0,1438
18:45:11,SP-FUTURE,3030.0,1309,3030.0,1502
18:45:11,ESX-FUTURE,3083.0,1853,3083.0,1099
18:45:12,SP-FUTURE,3030.0,2107,3030.0,704
18:45:12,SP-FUTURE,3030.0,1595,3030.0,1216
18:45:13,ESX-FUTURE,3083.0,1700,3083.0,1252
18:45:13,SP-FUTURE,3030.0,593,3030.0,2218
18:45:14,SP-FUTURE,3029.0,2753,3029.0,58
18:45:14,ESX-FUTURE,3083.0,1163,3083.0,1789
18:45:14,SP-FUTURE,3031.0,201,3031.0,2610
18:45:15,SP-FUTURE,3032.0,1192,3032.0,1619
18:45:16,ESX-FUTURE,3082.0,1479,3083.0,1473
18:45:16,ESX-FUTURE,3082.0,1256,3082.0,1696
18:45:16,SP-FUTURE,3032.0,1210,3032.0,1601
18:45:17,ESX-FUTURE,3082.0,1374,3082.0,1578
18:45:18,SP-FUTURE,3031.0,1113,3032.0,1698
18:45:19,ESX-FUTURE,3083.0,960,3083.0,1992
18:45:19,SP-FUTURE,3031.0,1853,3031.0,958
18:45:20,ESX-FUTURE,3082.0,1870,3082.0,1082
18:45:21,SP-FUTURE,3031.0,1117,3031.0,1694
18:45:22,SP-FUTURE,3031.0,1111,3031.0,1700
18:45:22,SP-FUTURE,3030.0,303,3030.0,2508
18:45:22,ESX-FUTURE,3082.0,784,3082.0,2168
18:45:22,SP-FUTURE,3030.0,131,3030.0,2680
18:45:22,ESX-FUTURE,3082.0,310,3082.0,2642
18:45:24,SP-FUTURE,3030.0,146,3030.0,2665
18:45:24,ESX-FUTURE,3082.0,161,3082.0,2791
18:45:25,ESX-FUTURE,3082.0,298,3082.0,2654
18:45:25,ESX-FUTURE,3082.0,134,3082.0,2818
18:45:25,SP-FUTURE,3030.0,365,3030.0,2446
18:45:26,SP-FUTURE,3030.0,262,3030.0,2549
18:45:26,SP-FUTURE,3030.0,207,3030.0,2604
18:45:26,ESX-FUTURE,3082.0,2300,3082.0,652
18:45:27,ESX-FUTURE,3083.0,48,3083.0,2904
18:45:27,SP-FUTURE,3030.0,229,3030.0,2582
18:45:28,ESX-FUTURE,3083.0,638,3083.0,2314
18:45:28,SP-FUTURE,3030.0,1344,3030.0,1467
18:45:29,ESX-FUTURE,3082.0,2817,3082.0,135
18:45:29,ESX-FUTURE,3082.0,1570,3083.0,1382
18:45:29,SP-FUTURE,3030.0,1347,3030.0,1464
18:45:31,SP-FUTURE,3031.0,481,3031.0,2330
18:45:31,ESX-FUTURE,3082.0,1289,3083.0,1663
18:45:32,SP-FUTURE,3030.0,1222,3031.0,1589
18:45:32,ESX-FUTURE,3082.0,2116,3083.0,836
18:45:32,SP-FUTURE,3030.0,1191,3030.0,1620
18:45:33,SP-FUTURE,3029.0,1200,3029.0,1611
18:45:33,ESX-FUTURE,3081.0,146,3082.0,2806
18:45:34,SP-FUTURE,3029.0,1404,3029.0,1407
18:45:35,ESX-FUTURE,3082.0,123,3082.0,2829
18:45:35,SP-FUTURE,3029.0,1377,3029.0,1434
18:45:35,ESX-FUTURE,3081.0,1693,3082.0,1259
18:45:36,SP-FUTURE,3029.0,341,3030.0,2470
18:45:36,SP-FUTURE,3030.0,1931,3030.0,880
18:45:36,SP-FUTURE,3030.0,2583,3030.0,228
18:45:37,ESX-FUTURE,3081.0,963,3082.0,1989
18:45:38,SP-FUTURE,3030.0,238,3030.0,2573
18:45:38,ESX-FUTURE,3081.0,946,3082.0,2006
18:45:39,ESX-FUTURE,3082.0,1611,3082.0,1341
18:45:39,SP-FUTURE,3030.0,41,3030.0,2770
18:45:40,ESX-FUTURE,3082.0,1813,3082.0,1139
18:45:41,SP-FUTURE,3030.0,1414,3030.0,1397
18:45:41,SP-FUTURE,3030.0,1776,3030.0,1035
18:45:42,SP-FUTURE,3029.0,1453,3030.0,1358
18:45:42,ESX-FUTURE,3082.0,2028,3082.0,924
18:45:42,SP-FUTURE,3030.0,1460,3030.0,1351
18:45:42,ESX-FUTURE,3082.0,1860,3082.0,1092
18:45:43,ESX-FUTURE,3082.0,2886,3082.0,66
18:45:44,SP-FUTURE,3030.0,1604,3030.0,1207
18:45:45,SP-FUTURE,3030.0,1651,3030.0,1160
18:45:46,ESX-FUTURE,3082.0,1971,3082.0,981
18:45:46,SP-FUTURE,3031.0,674,3031.0,2137
18:45:47,SP-FUTURE,3030.0,909,3031.0,1902
18:45:47,SP-FUTURE,3030.0,2075,3030.0,736
18:45:47,ESX-FUTURE,3082.0,1962,3082.0,990
18:45:48,SP-FUTURE,3030.0,320,3030.0,2491
18:45:48,SP-FUTURE,3029.0,682,3029.0,2129
18:45:49,ESX-FUTURE,3082.0,2543,3082.0,409
18:45:49,SP-FUTURE,3029.0,1562,3029.0,1249
18:45:50,ESX-FUTURE,3082.0,2170,3082.0,782
18:45:51,SP-FUTURE,3029.0,964,3029.0,1847
18:45:52,ESX-FUTURE,3082.0,244,3082.0,2708
18:45:52,SP-FUTURE,3030.0,99,3030.0,2712
18:45:53,ESX-FUTURE,3082.0,153,3082.0,2799
18:45:53,SP-FUTURE,3030.0,296,3030.0,2515
18:45:54,SP-FUTURE,3030.0,188,3030.0,2623
18:45:55,ESX-FUTURE,3082.0,2506,3083.0,446
18:45:55,SP-FUTURE,3030.0,1307,3030.0,1504
18:45:56,ESX-FUTURE,3083.0,1903,3083.0,1049
18:45:56,ESX-FUTURE,3083.0,1480,3083.0,1472
18:45:57,SP-FUTURE,3029.0,585,3030.0,2226
18:45:57,SP-FUTURE,3030.0,86,3030.0,2725
18:45:57,ESX-FUTURE,3083.0,1480,3083.0,1472
18:45:58,ESX-FUTURE,3083.0,1392,3083.0,1560
18:45:58,SP-FUTURE,3030.0,764,3030.0,2047
18:45:59,ESX-FUTURE,3083.0,923,3083.0,2029
18:45:59,SP-FUTURE,3030.0,754,3030.0,2057
18:46:00,SP-FUTURE,3030.0,235,3030.0,2576
18:46:00,ESX-FUTURE,3083.0,912,3083.0,2040
18:46:01,ESX-FUTURE,3083.0,1772,3083.0,1180
18:46:01,ESX-FUTURE,3083.0,939,3083.0,2013
18:46:01,SP-FUTURE,3030.0,1619,3030.0,1192
18:46:02,SP-FUTURE,3029.0,138,3030.0,2673
18:46:03,ESX-FUTURE,3083.0,1369,3083.0,1583
18:46:04,SP-FUTURE,3029.0,2039,3029.0,772
18:46:04,ESX-FUTURE,3083.0,2057,3083.0,895
18:46:05,ESX-FUTURE,3083.0,3,3083.0,2949
18:46:06,SP-FUTURE,3029.0,2040,3029.0,771
18:46:06,SP-FUTURE,3029.0,2044,3029.0,767
18:46:06,ESX-FUTURE,3082.0,1961,3082.0,991
18:46:07,SP-FUTURE,3029.0,2206,3029.0,605
18:46:07,ESX-FUTURE,3082.0,124,3082.0,2828
18:46:08,SP-FUTURE,3029.0,1796,3029.0,1015
18:46:09,ESX-FUTURE,3082.0,2714,3082.0,238
18:46:09,ESX-FUTURE,3082.0,2546,3083.0,406
18:46:09,SP-FUTURE,3029.0,940,3029.0,1871
18:46:10,ESX-FUTURE,3082.0,2058,3083.0,894
18:46:11,SP-FUTURE,3029.0,195,3029.0,2616
18:46:11,ESX-FUTURE,3082.0,2029,3083.0,923
18:46:12,SP-FUTURE,3029.0,197,3029.0,2614
18:46:12,ESX-FUTURE,3082.0,1321,3083.0,1631
18:46:13,SP-FUTURE,3028.0,1449,3029.0,1362
18:46:13,ESX-FUTURE,3082.0,1979,3082.0,973
18:46:13,SP-FUTURE,3028.0,2310,3029.0,501
18:46:14,ESX-FUTURE,3082.0,675,3083.0,2277
18:46:14,SP-FUTURE,3029.0,1236,3029.0,1575
18:46:14,ESX-FUTURE,3082.0,665,3083.0,2287
18:46:16,SP-FUTURE,3029.0,1620,3029.0,1191
18:46:16,ESX-FUTURE,3081.0,2210,3082.0,742
18:46:16,SP-FUTURE,3029.0,2305,3030.0,506
18:46:16,ESX-FUTURE,3081.0,1810,3082.0,1142
18:46:17,SP-FUTURE,3029.0,2285,3030.0,526
18:46:18,ESX-FUTURE,3082.0,183,3082.0,2769
18:46:18,ESX-FUTURE,3081.0,317,3082.0,2635
18:46:18,SP-FUTURE,3030.0,318,3030.0,2493
18:46:19,SP-FUTURE,3030.0,713,3030.0,2098
18:46:19,ESX-FUTURE,3081.0,2110,3081.0,842
18:46:20,SP-FUTURE,3030.0,1272,3030.0,1539
18:46:21,ESX-FUTURE,3081.0,197,3081.0,2755
18:46:21,SP-FUTURE,3030.0,447,3030.0,2364
18:46:22,ESX-FUTURE,3081.0,753,3081.0,2199
18:46:22,SP-FUTURE,3030.0,372,3030.0,2439
18:46:22,SP-FUTURE,3030.0,2306,3030.0,505
18:46:23,ESX-FUTURE,3081.0,227,3082.0,2725
18:46:23,SP-FUTURE,3030.0,1828,3030.0,983
18:46:24,ESX-FUTURE,3081.0,399,3082.0,2553
18:46:25,SP-FUTURE,3030.0,1842,3030.0,969
18:46:25,ESX-FUTURE,3081.0,2839,3081.0,113
18:46:26,ESX-FUTURE,3081.0,2214,3082.0,738
18:46:27,SP-FUTURE,3030.0,504,3030.0,2307
18:46:27,SP-FUTURE,3029.0,2210,3029.0,601
18:46:27,SP-FUTURE,3029.0,870,3029.0,1941
18:46:27,SP-FUTURE,3029.0,933,3029.0,1878
18:46:28,SP-FUTURE,3029.0,1017,3029.0,1794
18:46:28,ESX-FUTURE,3081.0,2147,3082.0,805
18:46:29,SP-FUTURE,3029.0,2729,3029.0,82
18:46:29,ESX-FUTURE,3081.0,2218,3082.0,734
18:46:30,SP-FUTURE,3029.0,344,3029.0,2467
18:46:30,ESX-FUTURE,3083.0,749,3083.0,2203
18:46:30,ESX-FUTURE,3083.0,848,3083.0,2104
18:46:31,SP-FUTURE,3029.0,1557,3030.0,1254
18:46:31,ESX-FUTURE,3083.0,1699,3083.0,1253
18:46:32,SP-FUTURE,3030.0,2200,3030.0,611
18:46:32,ESX-FUTURE,3083.0,1233,3084.0,1719
18:46:33,ESX-FUTURE,3083.0,1421,3084.0,1531
18:46:34,SP-FUTURE,3030.0,2217,3030.0,594
18:46:34,ESX-FUTURE,3083.0,1888,3084.0,1064
18:46:35,ESX-FUTURE,3083.0,2173,3084.0,779
18:46:35,SP-FUTURE,3030.0,2049,3030.0,762
18:46:36,ESX-FUTURE,3083.0,2186,3084.0,766
18:46:36,SP-FUTURE,3030.0,2230,3030.0,581
18:46:36,ESX-FUTURE,3083.0,1181,3084.0,1771
18:46:37,ESX-FUTURE,3083.0,1350,3084.0,1602
18:46:37,SP-FUTURE,3030.0,340,3030.0,2471
18:46:38,SP-FUTURE,3030.0,2043,3030.0,768
18:46:38,ESX-FUTURE,3083.0,667,3083.0,2285
18:46:39,SP-FUTURE,3030.0,2041,3030.0,770
18:46:40,ESX-FUTURE,3083.0,1628,3083.0,1324
18:46:41,ESX-FUTURE,3083.0,1261,3083.0,1691
18:46:42,SP-FUTURE,3029.0,2212,3030.0,599
18:46:42,ESX-FUTURE,3083.0,2476,3083.0,476
18:46:42,SP-FUTURE,3030.0,1015,3030.0,1796
18:46:43,SP-FUTURE,3030.0,668,3030.0,2143
18:46:43,ESX-FUTURE,3084.0,640,3084.0,2312
18:46:43,ESX-FUTURE,3083.0,2846,3084.0,106
18:46:44,SP-FUTURE,3030.0,461,3030.0,2350
18:46:45,ESX-FUTURE,3084.0,1470,3084.0,1482
18:46:45,ESX-FUTURE,3084.0,638,3084.0,2314
18:46:45,SP-FUTURE,3030.0,553,3030.0,2258
18:46:46,ESX-FUTURE,3084.0,2031,3084.0,921
18:46:47,ESX-FUTURE,3084.0,278,3085.0,2674
18:46:47,ESX-FUTURE,3084.0,1428,3084.0,1524
18:46:47,SP-FUTURE,3029.0,741,3029.0,2070
18:46:48,SP-FUTURE,3029.0,936,3029.0,1875
18:46:48,SP-FUTURE,3029.0,213,3029.0,2598
18:46:49,ESX-FUTURE,3085.0,1457,3085.0,1495
18:46:49,SP-FUTURE,3030.0,1031,3030.0,1780
18:46:49,ESX-FUTURE,3085.0,2924,3085.0,28
18:46:50,ESX-FUTURE,3085.0,2925,3085.0,27
18:46:50,SP-FUTURE,3030.0,240,3030.0,2571
18:46:51,ESX-FUTURE,3089.0,1733,3089.0,1219
18:46:52,SP-FUTURE,3030.0,626,3030.0,2185
18:46:52,ESX-FUTURE,3089.0,1601,3089.0,1351
18:46:53,ESX-FUTURE,3088.0,785,3089.0,2167
18:46:53,SP-FUTURE,3030.0,1508,3030.0,1303
18:46:54,ESX-FUTURE,3088.0,1040,3089.0,1912
18:46:54,ESX-FUTURE,3087.0,2292,3087.0,660
18:46:55,ESX-FUTURE,3088.0,592,3088.0,2360
18:46:55,SP-FUTURE,3030.0,1492,3030.0,1319
18:46:56,SP-FUTURE,3030.0,2638,3030.0,173
18:46:57,SP-FUTURE,3033.0,709,3033.0,2102
18:46:57,ESX-FUTURE,3087.0,74,3088.0,2878
18:46:58,ESX-FUTURE,3087.0,2694,3087.0,258
18:46:58,SP-FUTURE,3033.0,956,3033.0,1855
18:46:58,SP-FUTURE,3033.0,1539,3033.0,1272
18:46:58,ESX-FUTURE,3087.0,2938,3087.0,14
18:46:59,ESX-FUTURE,3087.0,1125,3087.0,1827
18:46:59,SP-FUTURE,3033.0,2616,3033.0,195
18:47:00,ESX-FUTURE,3087.0,1084,3087.0,1868
18:47:01,SP-FUTURE,3034.0,1641,3034.0,1170
18:47:01,ESX-FUTURE,3087.0,103,3087.0,2849
18:47:02,SP-FUTURE,3034.0,1909,3034.0,902
18:47:02,ESX-FUTURE,3087.0,845,3087.0,2107
18:47:03,SP-FUTURE,3034.0,2384,3034.0,427
18:47:03,ESX-FUTURE,3087.0,20,3087.0,2932
18:47:04,SP-FUTURE,3034.0,2384,3034.0,427
18:47:04,ESX-FUTURE,3086.0,2627,3087.0,325
18:47:05,SP-FUTURE,3034.0,2776,3034.0,35
18:47:05,ESX-FUTURE,3086.0,2669,3087.0,283
18:47:05,ESX-FUTURE,3086.0,2708,3087.0,244
18:47:06,SP-FUTURE,3034.0,2679,3034.0,132
18:47:06,ESX-FUTURE,3086.0,2396,3087.0,556
18:47:07,SP-FUTURE,3034.0,1366,3034.0,1445
18:47:07,SP-FUTURE,3033.0,687,3034.0,2124
18:47:08,ESX-FUTURE,3086.0,1596,3087.0,1356
18:47:08,SP-FUTURE,3034.0,1122,3034.0,1689
18:47:09,ESX-FUTURE,3086.0,960,3087.0,1992
18:47:10,SP-FUTURE,3034.0,987,3034.0,1824
18:47:11,ESX-FUTURE,3086.0,1942,3087.0,1010
18:47:11,SP-FUTURE,3034.0,878,3034.0,1933
18:47:12,SP-FUTURE,3034.0,240,3035.0,2571
18:47:12,ESX-FUTURE,3086.0,1679,3087.0,1273
18:47:13,SP-FUTURE,3034.0,350,3035.0,2461
18:47:13,ESX-FUTURE,3087.0,8,3087.0,2944
18:47:14,SP-FUTURE,3034.0,349,3035.0,2462
18:47:14,ESX-FUTURE,3087.0,1204,3087.0,1748
18:47:15,SP-FUTURE,3034.0,2285,3034.0,526
18:47:16,ESX-FUTURE,3087.0,1346,3087.0,1606
18:47:16,SP-FUTURE,3035.0,2629,3035.0,182
18:47:16,SP-FUTURE,3036.0,2447,3036.0,364
18:47:17,SP-FUTURE,3036.0,219,3036.0,2592
18:47:17,ESX-FUTURE,3087.0,1296,3087.0,1656
18:47:18,SP-FUTURE,3037.0,2227,3037.0,584
18:47:19,ESX-FUTURE,3087.0,468,3087.0,2484
18:47:20,SP-FUTURE,3037.0,35,3037.0,2776
18:47:21,ESX-FUTURE,3087.0,487,3087.0,2465
18:47:21,SP-FUTURE,3038.0,8,3038.0,2803
18:47:22,SP-FUTURE,3038.0,2681,3038.0,130
18:47:22,ESX-FUTURE,3087.0,487,3087.0,2465
18:47:22,ESX-FUTURE,3086.0,2895,3087.0,57
18:47:23,SP-FUTURE,3038.0,2687,3038.0,124
18:47:24,SP-FUTURE,3038.0,2678,3038.0,133
18:47:25,ESX-FUTURE,3086.0,2699,3087.0,253
18:47:25,SP-FUTURE,3038.0,405,3038.0,2406
18:47:25,ESX-FUTURE,3086.0,2618,3087.0,334
18:47:25,SP-FUTURE,3037.0,2098,3037.0,713
18:47:26,ESX-FUTURE,3086.0,1508,3087.0,1444
18:47:27,SP-FUTURE,3037.0,1774,3037.0,1037
18:47:27,ESX-FUTURE,3087.0,1833,3087.0,1119
18:47:28,ESX-FUTURE,3087.0,1718,3087.0,1234
18:47:28,SP-FUTURE,3037.0,1266,3038.0,1545
18:47:29,ESX-FUTURE,3087.0,1095,3087.0,1857
18:47:29,SP-FUTURE,3037.0,565,3038.0,2246
18:47:30,ESX-FUTURE,3089.0,2454,3089.0,498
18:47:31,ESX-FUTURE,3089.0,2344,3089.0,608
18:47:31,SP-FUTURE,3037.0,1374,3037.0,1437
18:47:31,SP-FUTURE,3037.0,1378,3037.0,1433
18:47:32,ESX-FUTURE,3088.0,125,3089.0,2827
18:47:32,SP-FUTURE,3037.0,1376,3037.0,1435
18:47:33,ESX-FUTURE,3088.0,1719,3088.0,1233
18:47:33,ESX-FUTURE,3088.0,1551,3088.0,1401
18:47:34,SP-FUTURE,3036.0,1168,3036.0,1643
18:47:34,ESX-FUTURE,3088.0,2479,3088.0,473
18:47:35,ESX-FUTURE,3088.0,2403,3088.0,549
18:47:35,SP-FUTURE,3036.0,71,3036.0,2740
18:47:35,SP-FUTURE,3036.0,1304,3036.0,1507
18:47:35,ESX-FUTURE,3088.0,2745,3089.0,207
18:47:36,SP-FUTURE,3036.0,1411,3036.0,1400
18:47:36,ESX-FUTURE,3088.0,1939,3089.0,1013
18:47:37,SP-FUTURE,3035.0,2430,3035.0,381
18:47:38,ESX-FUTURE,3088.0,2090,3089.0,862
18:47:39,SP-FUTURE,3035.0,886,3035.0,1925
18:47:39,ESX-FUTURE,3088.0,243,3089.0,2709
18:47:39,SP-FUTURE,3035.0,138,3035.0,2673
18:47:40,ESX-FUTURE,3089.0,1893,3089.0,1059
18:47:40,ESX-FUTURE,3089.0,2461,3089.0,491
18:47:40,SP-FUTURE,3035.0,922,3035.0,1889
18:47:42,SP-FUTURE,3034.0,2780,3034.0,31
18:47:42,ESX-FUTURE,3089.0,2414,3089.0,538
18:47:42,SP-FUTURE,3033.0,676,3033.0,2135
18:47:42,ESX-FUTURE,3089.0,2285,3089.0,667
18:47:44,SP-FUTURE,3032.0,252,3032.0,2559
18:47:44,ESX-FUTURE,3089.0,1015,3089.0,1937
18:47:44,SP-FUTURE,3031.0,1778,3031.0,1033
18:47:45,ESX-FUTURE,3089.0,1300,3089.0,1652
18:47:46,SP-FUTURE,3029.0,1744,3030.0,1067
18:47:46,ESX-FUTURE,3089.0,60,3089.0,2892
18:47:47,ESX-FUTURE,3087.0,320,3088.0,2632
18:47:47,SP-FUTURE,3030.0,1953,3030.0,858
18:47:48,SP-FUTURE,3030.0,1741,3030.0,1070
18:47:48,ESX-FUTURE,3088.0,361,3088.0,2591
18:47:50,SP-FUTURE,3030.0,1734,3030.0,1077
18:47:50,ESX-FUTURE,3087.0,1894,3088.0,1058
18:47:50,ESX-FUTURE,3087.0,1648,3088.0,1304
18:47:50,ESX-FUTURE,3085.0,1329,3086.0,1623
18:47:51,SP-FUTURE,3030.0,2579,3030.0,232
18:47:52,SP-FUTURE,3030.0,2573,3030.0,238
18:47:52,ESX-FUTURE,3085.0,1452,3086.0,1500
18:47:53,ESX-FUTURE,3085.0,1787,3086.0,1165
18:47:53,SP-FUTURE,3030.0,1818,3030.0,993
18:47:54,ESX-FUTURE,3085.0,1301,3086.0,1651
18:47:54,SP-FUTURE,3030.0,3,3030.0,2808
18:47:55,SP-FUTURE,3029.0,2680,3029.0,131
18:47:55,ESX-FUTURE,3085.0,1295,3086.0,1657
18:47:55,ESX-FUTURE,3085.0,1318,3086.0,1634
18:47:56,ESX-FUTURE,3085.0,1281,3086.0,1671
18:47:56,SP-FUTURE,3029.0,946,3030.0,1865
18:47:57,ESX-FUTURE,3085.0,1319,3085.0,1633
18:47:57,SP-FUTURE,3029.0,245,3030.0,2566
18:47:58,SP-FUTURE,3029.0,1131,3030.0,1680
18:47:58,ESX-FUTURE,3085.0,1261,3085.0,1691
18:47:58,SP-FUTURE,3030.0,2517,3030.0,294
18:47:59,ESX-FUTURE,3085.0,1533,3085.0,1419
18:47:59,SP-FUTURE,3030.0,911,3030.0,1900
18:48:00,SP-FUTURE,3030.0,878,3030.0,1933
18:48:01,ESX-FUTURE,3085.0,1267,3085.0,1685
18:48:01,SP-FUTURE,3029.0,2524,3030.0,287
18:48:01,SP-FUTURE,3028.0,2160,3029.0,651
18:48:02,ESX-FUTURE,3085.0,2612,3085.0,340
18:48:02,SP-FUTURE,3028.0,2471,3029.0,340
18:48:02,ESX-FUTURE,3085.0,827,3085.0,2125
18:48:03,SP-FUTURE,3028.0,2107,3029.0,704
18:48:04,ESX-FUTURE,3085.0,2419,3085.0,533
18:48:04,SP-FUTURE,3028.0,2181,3029.0,630
18:48:05,ESX-FUTURE,3084.0,1756,3084.0,1196
18:48:05,ESX-FUTURE,3084.0,2337,3084.0,615
18:48:05,ESX-FUTURE,3084.0,1951,3084.0,1001
18:48:05,SP-FUTURE,3028.0,2650,3029.0,161
18:48:05,ESX-FUTURE,3084.0,2020,3084.0,932
18:48:07,ESX-FUTURE,3084.0,2230,3084.0,722
18:48:07,SP-FUTURE,3028.0,1559,3029.0,1252
18:48:08,SP-FUTURE,3028.0,2181,3029.0,630
18:48:08,ESX-FUTURE,3084.0,1885,3084.0,1067
18:48:09,SP-FUTURE,3028.0,2323,3029.0,488
18:48:10,ESX-FUTURE,3084.0,2100,3084.0,852
18:48:10,ESX-FUTURE,3084.0,2416,3084.0,536
18:48:10,ESX-FUTURE,3084.0,175,3084.0,2777
18:48:10,SP-FUTURE,3028.0,2316,3029.0,495
18:48:11,SP-FUTURE,3028.0,2063,3029.0,748
18:48:11,ESX-FUTURE,3084.0,1048,3085.0,1904
18:48:12,SP-FUTURE,3029.0,1565,3029.0,1246
18:48:12,ESX-FUTURE,3084.0,546,3085.0,2406
18:48:13,SP-FUTURE,3031.0,181,3031.0,2630
18:48:13,SP-FUTURE,3031.0,896,3031.0,1915
18:48:13,ESX-FUTURE,3085.0,391,3085.0,2561
18:48:14,SP-FUTURE,3031.0,2657,3031.0,154
18:48:14,ESX-FUTURE,3085.0,515,3085.0,2437
18:48:15,SP-FUTURE,3031.0,997,3032.0,1814
18:48:15,ESX-FUTURE,3085.0,24,3085.0,2928
18:48:16,SP-FUTURE,3031.0,998,3032.0,1813
18:48:16,ESX-FUTURE,3085.0,653,3085.0,2299
18:48:17,SP-FUTURE,3031.0,802,3032.0,2009
18:48:18,ESX-FUTURE,3085.0,557,3085.0,2395
18:48:18,SP-FUTURE,3034.0,2279,3035.0,532
18:48:18,ESX-FUTURE,3084.0,1628,3084.0,1324
18:48:18,ESX-FUTURE,3084.0,2077,3084.0,875
18:48:18,SP-FUTURE,3034.0,2460,3035.0,351
18:48:19,SP-FUTURE,3034.0,1158,3034.0,1653
18:48:19,ESX-FUTURE,3086.0,358,3086.0,2594
18:48:20,SP-FUTURE,3034.0,868,3034.0,1943
18:48:20,SP-FUTURE,3037.0,531,3037.0,2280
18:48:20,ESX-FUTURE,3086.0,88,3086.0,2864
18:48:21,SP-FUTURE,3037.0,533,3037.0,2278
18:48:21,ESX-FUTURE,3086.0,1121,3086.0,1831
18:48:21,SP-FUTURE,3037.0,2633,3037.0,178
18:48:22,ESX-FUTURE,3086.0,1233,3086.0,1719
18:48:22,SP-FUTURE,3036.0,595,3037.0,2216
18:48:23,ESX-FUTURE,3085.0,1526,3086.0,1426
18:48:23,SP-FUTURE,3036.0,1936,3037.0,875
18:48:24,ESX-FUTURE,3085.0,387,3086.0,2565
18:48:25,SP-FUTURE,3036.0,2220,3037.0,591
18:48:26,ESX-FUTURE,3085.0,2736,3085.0,216
18:48:26,SP-FUTURE,3036.0,1192,3037.0,1619
18:48:27,SP-FUTURE,3036.0,1890,3036.0,921
18:48:27,ESX-FUTURE,3085.0,2572,3085.0,380
18:48:27,ESX-FUTURE,3085.0,379,3085.0,2573
18:48:28,SP-FUTURE,3037.0,2031,3037.0,780
18:48:28,SP-FUTURE,3037.0,1126,3037.0,1685
18:48:29,ESX-FUTURE,3085.0,1475,3085.0,1477
18:48:29,SP-FUTURE,3037.0,1806,3037.0,1005
18:48:30,ESX-FUTURE,3085.0,1564,3085.0,1388
18:48:31,SP-FUTURE,3037.0,1615,3037.0,1196
18:48:31,SP-FUTURE,3037.0,2251,3037.0,560
18:48:31,ESX-FUTURE,3085.0,313,3085.0,2639
18:48:32,SP-FUTURE,3037.0,1924,3037.0,887
18:48:33,SP-FUTURE,3039.0,865,3039.0,1946
18:48:33,ESX-FUTURE,3085.0,1465,3085.0,1487
18:48:34,SP-FUTURE,3039.0,1093,3039.0,1718
18:48:34,ESX-FUTURE,3086.0,2339,3086.0,613
18:48:34,ESX-FUTURE,3085.0,2171,3085.0,781
18:48:35,SP-FUTURE,3039.0,1874,3039.0,937
18:48:35,ESX-FUTURE,3085.0,1256,3085.0,1696
18:48:36,SP-FUTURE,3039.0,186,3039.0,2625
18:48:36,ESX-FUTURE,3085.0,1245,3085.0,1707
18:48:37,ESX-FUTURE,3085.0,1762,3085.0,1190
18:48:37,SP-FUTURE,3039.0,66,3039.0,2745
18:48:38,SP-FUTURE,3039.0,2692,3040.0,119
18:48:38,ESX-FUTURE,3085.0,1789,3085.0,1163
18:48:39,SP-FUTURE,3039.0,296,3039.0,2515
18:48:39,SP-FUTURE,3038.0,2077,3039.0,734
18:48:40,ESX-FUTURE,3085.0,2683,3085.0,269
18:48:40,SP-FUTURE,3038.0,2361,3039.0,450
18:48:40,SP-FUTURE,3038.0,2774,3038.0,37
18:48:41,ESX-FUTURE,3085.0,2654,3085.0,298
18:48:41,SP-FUTURE,3038.0,477,3038.0,2334
18:48:42,ESX-FUTURE,3085.0,1563,3085.0,1389
18:48:43,SP-FUTURE,3038.0,849,3038.0,1962
18:48:43,ESX-FUTURE,3086.0,1452,3086.0,1500
18:48:44,ESX-FUTURE,3086.0,812,3086.0,2140
18:48:45,SP-FUTURE,3038.0,661,3038.0,2150
18:48:45,ESX-FUTURE,3086.0,1737,3086.0,1215
18:48:45,ESX-FUTURE,3086.0,1123,3086.0,1829
18:48:46,ESX-FUTURE,3086.0,2848,3087.0,104
18:48:46,SP-FUTURE,3038.0,863,3038.0,1948
18:48:47,ESX-FUTURE,3086.0,1127,3087.0,1825
18:48:47,ESX-FUTURE,3086.0,619,3087.0,2333
18:48:48,SP-FUTURE,3038.0,2131,3038.0,680
18:48:48,ESX-FUTURE,3086.0,2928,3086.0,24
18:48:49,ESX-FUTURE,3086.0,650,3086.0,2302
18:48:50,ESX-FUTURE,3086.0,752,3086.0,2200
18:48:50,SP-FUTURE,3038.0,433,3038.0,2378
18:48:51,SP-FUTURE,3038.0,1356,3038.0,1455
18:48:51,ESX-FUTURE,3086.0,501,3087.0,2451
18:48:52,ESX-FUTURE,3086.0,321,3087.0,2631
18:48:52,SP-FUTURE,3038.0,2027,3038.0,784
18:48:53,ESX-FUTURE,3086.0,725,3087.0,2227
18:48:54,SP-FUTURE,3038.0,1789,3038.0,1022
18:48:54,ESX-FUTURE,3086.0,795,3087.0,2157
18:48:56,ESX-FUTURE,3086.0,1140,3087.0,1812
18:48:56,SP-FUTURE,3039.0,1576,3039.0,1235
18:48:56,SP-FUTURE,3040.0,998,3040.0,1813
18:48:56,ESX-FUTURE,3086.0,1754,3087.0,1198
18:48:57,SP-FUTURE,3038.0,1404,3038.0,1407
18:48:57,SP-FUTURE,3037.0,2622,3037.0,189
18:48:58,ESX-FUTURE,3086.0,1819,3087.0,1133
18:48:58,SP-FUTURE,3038.0,30,3038.0,2781
18:49:00,SP-FUTURE,3038.0,2652,3038.0,159
18:49:00,ESX-FUTURE,3086.0,2704,3086.0,248
18:49:00,SP-FUTURE,3038.0,311,3038.0,2500
18:49:01,SP-FUTURE,3038.0,282,3038.0,2529
18:49:02,ESX-FUTURE,3087.0,2180,3087.0,772
18:49:02,SP-FUTURE,3038.0,404,3038.0,2407
18:49:03,ESX-FUTURE,3087.0,641,3087.0,2311
18:49:03,SP-FUTURE,3039.0,2127,3039.0,684
18:49:04,ESX-FUTURE,3087.0,681,3087.0,2271
18:49:04,ESX-FUTURE,3087.0,2616,3087.0,336
18:49:04,SP-FUTURE,3039.0,2749,3039.0,62
18:49:05,ESX-FUTURE,3087.0,2086,3087.0,866
18:49:05,ESX-FUTURE,3083.0,2239,3083.0,713
18:49:06,SP-FUTURE,3039.0,2680,3039.0,131
18:49:06,SP-FUTURE,3039.0,1821,3039.0,990
18:49:07,SP-FUTURE,3036.0,906,3036.0,1905
18:49:07,ESX-FUTURE,3083.0,1720,3084.0,1232
18:49:08,SP-FUTURE,3036.0,2277,3037.0,534
18:49:08,ESX-FUTURE,3083.0,1950,3084.0,1002
18:49:08,ESX-FUTURE,3083.0,1856,3084.0,1096
18:49:09,SP-FUTURE,3037.0,1366,3037.0,1445
18:49:10,ESX-FUTURE,3084.0,340,3084.0,2612
18:49:10,ESX-FUTURE,3084.0,565,3084.0,2387
18:49:11,ESX-FUTURE,3084.0,102,3084.0,2850
18:49:11,SP-FUTURE,3037.0,1300,3037.0,1511
18:49:11,ESX-FUTURE,3084.0,1841,3084.0,1111
18:49:12,SP-FUTURE,3037.0,820,3037.0,1991
18:49:12,ESX-FUTURE,3084.0,2483,3084.0,469
18:49:13,ESX-FUTURE,3084.0,2569,3084.0,383
18:49:13,SP-FUTURE,3036.0,2111,3037.0,700
18:49:14,ESX-FUTURE,3083.0,2011,3083.0,941
18:49:14,SP-FUTURE,3036.0,2174,3037.0,637
18:49:15,SP-FUTURE,3037.0,770,3037.0,2041
18:49:15,ESX-FUTURE,3083.0,1650,3083.0,1302
18:49:16,ESX-FUTURE,3083.0,2604,3083.0,348
18:49:17,SP-FUTURE,3037.0,817,3037.0,1994
18:49:17,SP-FUTURE,3037.0,2763,3037.0,48
18:49:18,ESX-FUTURE,3083.0,2485,3083.0,467
18:49:18,SP-FUTURE,3037.0,2080,3037.0,731
18:49:19,ESX-FUTURE,3081.0,2056,3081.0,896
18:49:19,SP-FUTURE,3037.0,1028,3037.0,1783
18:49:19,ESX-FUTURE,3081.0,121,3081.0,2831
18:49:20,SP-FUTURE,3037.0,1737,3037.0,1074
18:49:20,ESX-FUTURE,3080.0,2181,3081.0,771
18:49:21,SP-FUTURE,3037.0,968,3038.0,1843
18:49:22,SP-FUTURE,3038.0,1255,3038.0,1556
18:49:22,ESX-FUTURE,3080.0,914,3081.0,2038
18:49:22,SP-FUTURE,3037.0,2435,3037.0,376
18:49:23,SP-FUTURE,3037.0,1066,3038.0,1745
18:49:23,ESX-FUTURE,3080.0,2569,3081.0,383
18:49:24,SP-FUTURE,3037.0,1666,3038.0,1145
18:49:24,ESX-FUTURE,3080.0,2746,3081.0,206
18:49:25,SP-FUTURE,3037.0,1917,3038.0,894
18:49:25,SP-FUTURE,3037.0,1974,3038.0,837
18:49:25,ESX-FUTURE,3080.0,996,3081.0,1956
18:49:25,ESX-FUTURE,3080.0,399,3080.0,2553
18:49:26,SP-FUTURE,3038.0,1910,3038.0,901
18:49:26,ESX-FUTURE,3080.0,2636,3080.0,316
18:49:27,SP-FUTURE,3038.0,64,3038.0,2747
18:49:27,ESX-FUTURE,3080.0,2494,3080.0,458
18:49:27,SP-FUTURE,3038.0,20,3038.0,2791
18:49:28,ESX-FUTURE,3080.0,2593,3080.0,359
18:49:28,SP-FUTURE,3038.0,683,3038.0,2128
18:49:29,ESX-FUTURE,3080.0,1858,3080.0,1094
18:49:30,SP-FUTURE,3038.0,2803,3038.0,8
18:49:31,ESX-FUTURE,3080.0,1813,3080.0,1139
18:49:31,SP-FUTURE,3036.0,2085,3036.0,726
18:49:32,ESX-FUTURE,3080.0,510,3080.0,2442
18:49:32,SP-FUTURE,3036.0,1839,3036.0,972
18:49:32,ESX-FUTURE,3080.0,301,3080.0,2651
18:49:33,ESX-FUTURE,3080.0,1776,3080.0,1176
18:49:34,SP-FUTURE,3036.0,88,3036.0,2723
18:49:34,SP-FUTURE,3036.0,1451,3036.0,1360
18:49:34,ESX-FUTURE,3080.0,257,3080.0,2695
18:49:34,ESX-FUTURE,3080.0,327,3080.0,2625
18:49:35,SP-FUTURE,3036.0,1358,3036.0,1453
18:49:36,ESX-FUTURE,3079.0,2861,3080.0,91
18:49:36,ESX-FUTURE,3080.0,523,3080.0,2429
18:49:36,SP-FUTURE,3036.0,2043,3036.0,768
18:49:36,SP-FUTURE,3039.0,1458,3039.0,1353
18:49:37,ESX-FUTURE,3079.0,1882,3079.0,1070
18:49:38,SP-FUTURE,3039.0,1422,3039.0,1389
18:49:39,ESX-FUTURE,3079.0,833,3079.0,2119
18:49:39,SP-FUTURE,3039.0,2242,3039.0,569
18:49:40,ESX-FUTURE,3079.0,1738,3079.0,1214
18:49:40,ESX-FUTURE,3079.0,2107,3079.0,845
18:49:40,SP-FUTURE,3039.0,708,3039.0,2103
18:49:42,SP-FUTURE,3039.0,1718,3039.0,1093
18:49:42,ESX-FUTURE,3079.0,2109,3079.0,843
18:49:42,SP-FUTURE,3039.0,2045,3039.0,766
18:49:43,ESX-FUTURE,3079.0,2100,3079.0,852
18:49:43,SP-FUTURE,3039.0,1393,3039.0,1418
18:49:44,SP-FUTURE,3038.0,2418,3038.0,393
18:49:44,ESX-FUTURE,3079.0,2458,3079.0,494
18:49:44,ESX-FUTURE,3079.0,599,3080.0,2353
18:49:45,ESX-FUTURE,3079.0,684,3080.0,2268
18:49:46,SP-FUTURE,3038.0,2668,3038.0,143
18:49:47,ESX-FUTURE,3079.0,634,3080.0,2318
18:49:47,SP-FUTURE,3037.0,1344,3038.0,1467
18:49:47,ESX-FUTURE,3079.0,896,3079.0,2056
18:49:48,SP-FUTURE,3037.0,2784,3038.0,27
18:49:48,SP-FUTURE,3038.0,701,3038.0,2110
18:49:48,ESX-FUTURE,3079.0,883,3079.0,2069
18:49:49,ESX-FUTURE,3078.0,411,3079.0,2541
18:49:49,ESX-FUTURE,3078.0,847,3079.0,2105
18:49:49,SP-FUTURE,3038.0,1191,3038.0,1620
18:49:50,ESX-FUTURE,3079.0,2441,3079.0,511
18:49:51,SP-FUTURE,3037.0,1063,3038.0,1748
18:49:51,ESX-FUTURE,3078.0,1944,3079.0,1008
18:49:52,SP-FUTURE,3037.0,623,3037.0,2188
18:49:52,ESX-FUTURE,3078.0,1857,3079.0,1095
18:49:54,ESX-FUTURE,3079.0,1336,3080.0,1616
18:49:54,SP-FUTURE,3037.0,730,3037.0,2081
18:49:54,ESX-FUTURE,3079.0,1429,3080.0,1523
18:49:54,ESX-FUTURE,3079.0,2884,3080.0,68
18:49:55,SP-FUTURE,3036.0,1832,3036.0,979
18:49:55,SP-FUTURE,3036.0,977,3036.0,1834
18:49:55,ESX-FUTURE,3080.0,1485,3080.0,1467
18:49:56,ESX-FUTURE,3081.0,2570,3082.0,382
18:49:56,SP-FUTURE,3036.0,1138,3036.0,1673
18:49:58,SP-FUTURE,3036.0,619,3036.0,2192
18:49:58,ESX-FUTURE,3081.0,333,3082.0,2619
18:49:58,SP-FUTURE,3036.0,2062,3036.0,749
18:49:59,ESX-FUTURE,3080.0,728,3080.0,2224
18:49:59,SP-FUTURE,3036.0,432,3037.0,2379
18:49:59,ESX-FUTURE,3080.0,850,3080.0,2102
18:50:00,SP-FUTURE,3036.0,1352,3037.0,1459
18:50:00,ESX-FUTURE,3080.0,2891,3080.0,61
18:50:01,SP-FUTURE,3036.0,1383,3037.0,1428
18:50:01,ESX-FUTURE,3080.0,2317,3081.0,635
18:50:01,ESX-FUTURE,3081.0,2215,3081.0,737
18:50:01,SP-FUTURE,3035.0,2721,3036.0,90
18:50:02,ESX-FUTURE,3081.0,2274,3081.0,678
18:50:02,SP-FUTURE,3035.0,1803,3036.0,1008
18:50:03,ESX-FUTURE,3081.0,2839,3081.0,113
18:50:03,SP-FUTURE,3035.0,1914,3036.0,897
18:50:04,SP-FUTURE,3035.0,2186,3035.0,625
18:50:04,ESX-FUTURE,3081.0,1774,3081.0,1178
18:50:05,SP-FUTURE,3035.0,2317,3035.0,494
18:50:06,ESX-FUTURE,3081.0,2368,3081.0,584
18:50:06,SP-FUTURE,3035.0,815,3035.0,1996
18:50:07,ESX-FUTURE,3081.0,2085,3081.0,867
18:50:08,SP-FUTURE,3034.0,631,3035.0,2180
18:50:08,ESX-FUTURE,3081.0,2550,3081.0,402
18:50:09,SP-FUTURE,3034.0,2063,3034.0,748
18:50:09,ESX-FUTURE,3081.0,1062,3081.0,1890
18:50:11,ESX-FUTURE,3081.0,1627,3081.0,1325
18:50:11,ESX-FUTURE,3081.0,503,3081.0,2449
18:50:12,SP-FUTURE,3035.0,1915,3035.0,896
18:50:12,SP-FUTURE,3035.0,1684,3035.0,1127
18:50:12,ESX-FUTURE,3081.0,723,3081.0,2229
18:50:13,SP-FUTURE,3035.0,1412,3035.0,1399
18:50:13,SP-FUTURE,3035.0,2778,3035.0,33
18:50:13,ESX-FUTURE,3081.0,640,3081.0,2312
18:50:14,SP-FUTURE,3035.0,2711,3035.0,100
18:50:14,ESX-FUTURE,3081.0,568,3081.0,2384
18:50:15,ESX-FUTURE,3081.0,2554,3081.0,398
18:50:16,ESX-FUTURE,3081.0,2680,3081.0,272
18:50:16,SP-FUTURE,3035.0,2614,3035.0,197
18:50:17,SP-FUTURE,3035.0,212,3035.0,2599
18:50:17,ESX-FUTURE,3081.0,1091,3081.0,1861
18:50:17,ESX-FUTURE,3081.0,1064,3081.0,1888
18:50:18,SP-FUTURE,3035.0,1456,3036.0,1355
18:50:18,ESX-FUTURE,3081.0,694,3081.0,2258
18:50:18,SP-FUTURE,3036.0,69,3036.0,2742
18:50:18,ESX-FUTURE,3081.0,1152,3081.0,1800
18:50:19,SP-FUTURE,3036.0,1608,3036.0,1203
18:50:19,ESX-FUTURE,3081.0,467,3081.0,2485
18:50:21,ESX-FUTURE,3082.0,716,3082.0,2236
18:50:21,SP-FUTURE,3036.0,2575,3036.0,236
18:50:21,ESX-FUTURE,3082.0,1313,3082.0,1639
18:50:22,SP-FUTURE,3036.0,474,3036.0,2337
18:50:22,ESX-FUTURE,3081.0,851,3082.0,2101
18:50:22,ESX-FUTURE,3081.0,944,3082.0,2008
18:50:23,SP-FUTURE,3036.0,830,3036.0,1981
18:50:23,ESX-FUTURE,3081.0,2332,3081.0,620
18:50:23,SP-FUTURE,3035.0,2323,3036.0,488
18:50:23,ESX-FUTURE,3081.0,2596,3081.0,356
18:50:24,SP-FUTURE,3035.0,1737,3036.0,1074
18:50:24,ESX-FUTURE,3081.0,2931,3081.0,21
18:50:24,SP-FUTURE,3035.0,1730,3036.0,1081
18:50:25,SP-FUTURE,3035.0,1573,3036.0,1238
18:50:25,ESX-FUTURE,3081.0,2946,3081.0,6
18:50:26,SP-FUTURE,3035.0,1493,3036.0,1318
18:50:26,ESX-FUTURE,3081.0,731,3081.0,2221
18:50:27,SP-FUTURE,3035.0,2617,3036.0,194
18:50:28,ESX-FUTURE,3081.0,165,3081.0,2787
18:50:29,SP-FUTURE,3035.0,2371,3036.0,440
18:50:29,ESX-FUTURE,3081.0,2734,3081.0,218
18:50:30,ESX-FUTURE,3081.0,706,3081.0,2246
18:50:31,SP-FUTURE,3035.0,1610,3036.0,1201
18:50:32,ESX-FUTURE,3081.0,519,3081.0,2433
18:50:32,SP-FUTURE,3035.0,2024,3036.0,787
18:50:33,ESX-FUTURE,3081.0,1531,3081.0,1421
18:50:33,SP-FUTURE,3035.0,2324,3036.0,487
18:50:34,SP-FUTURE,3035.0,2408,3036.0,403
18:50:34,ESX-FUTURE,3081.0,1907,3081.0,1045
18:50:34,SP-FUTURE,3035.0,2426,3036.0,385
18:50:36,ESX-FUTURE,3081.0,2111,3081.0,841
18:50:36,SP-FUTURE,3035.0,1896,3035.0,915
18:50:37,SP-FUTURE,3035.0,2215,3035.0,596
18:50:37,ESX-FUTURE,3080.0,1219,3080.0,1733
18:50:38,SP-FUTURE,3035.0,1138,3036.0,1673
18:50:38,ESX-FUTURE,3080.0,2456,3080.0,496
18:50:38,SP-FUTURE,3036.0,476,3036.0,2335
18:50:39,SP-FUTURE,3036.0,720,3036.0,2091
18:50:40,ESX-FUTURE,3081.0,2509,3081.0,443
18:50:40,SP-FUTURE,3036.0,677,3036.0,2134
18:50:40,ESX-FUTURE,3081.0,2541,3081.0,411
18:50:41,ESX-FUTURE,3081.0,543,3081.0,2409
18:50:42,SP-FUTURE,3036.0,1265,3036.0,1546
18:50:42,ESX-FUTURE,3082.0,347,3082.0,2605
18:50:43,SP-FUTURE,3036.0,2465,3036.0,346
18:50:43,ESX-FUTURE,3082.0,901,3082.0,2051
18:50:44,SP-FUTURE,3036.0,1608,3036.0,1203
18:50:44,ESX-FUTURE,3082.0,1139,3082.0,1813
18:50:45,ESX-FUTURE,3082.0,1820,3082.0,1132
18:50:45,SP-FUTURE,3036.0,2150,3036.0,661
18:50:46,ESX-FUTURE,3081.0,1461,3081.0,1491
18:50:46,SP-FUTURE,3036.0,2460,3036.0,351
18:50:46,SP-FUTURE,3036.0,1117,3036.0,1694
18:50:47,SP-FUTURE,3037.0,147,3037.0,2664
18:50:47,ESX-FUTURE,3081.0,1234,3081.0,1718
18:50:48,SP-FUTURE,3037.0,1396,3037.0,1415
18:50:49,SP-FUTURE,3037.0,1879,3037.0,932
18:50:49,ESX-FUTURE,3081.0,1975,3081.0,977
18:50:50,SP-FUTURE,3036.0,1899,3037.0,912
18:50:50,ESX-FUTURE,3081.0,1952,3081.0,1000
18:50:50,ESX-FUTURE,3081.0,462,3081.0,2490
18:50:51,ESX-FUTURE,3081.0,413,3081.0,2539
18:50:51,SP-FUTURE,3036.0,1751,3037.0,1060
18:50:51,SP-FUTURE,3036.0,1401,3037.0,1410
18:50:52,SP-FUTURE,3036.0,2674,3036.0,137
18:50:52,ESX-FUTURE,3081.0,336,3081.0,2616
18:50:53,SP-FUTURE,3036.0,2603,3036.0,208
18:50:54,ESX-FUTURE,3081.0,167,3081.0,2785
18:50:54,SP-FUTURE,3038.0,2229,3038.0,582
18:50:54,SP-FUTURE,3038.0,2021,3038.0,790
18:50:54,ESX-FUTURE,3081.0,741,3081.0,2211
18:50:55,SP-FUTURE,3039.0,1811,3039.0,1000
18:50:56,ESX-FUTURE,3081.0,2059,3081.0,893
18:50:56,SP-FUTURE,3039.0,1321,3039.0,1490
18:50:58,SP-FUTURE,3040.0,1829,3040.0,982
18:50:58,ESX-FUTURE,3081.0,1056,3081.0,1896
18:50:59,SP-FUTURE,3040.0,1088,3040.0,1723
18:50:59,SP-FUTURE,3039.0,2402,3040.0,409
18:50:59,ESX-FUTURE,3081.0,1827,3081.0,1125
18:51:00,SP-FUTURE,3039.0,1441,3039.0,1370
18:51:01,ESX-FUTURE,3080.0,773,3081.0,2179
18:51:01,ESX-FUTURE,3080.0,2577,3080.0,375
18:51:02,SP-FUTURE,3039.0,2303,3039.0,508
18:51:02,ESX-FUTURE,3081.0,463,3081.0,2489
18:51:03,SP-FUTURE,3042.0,239,3042.0,2572
18:51:03,ESX-FUTURE,3081.0,14,3081.0,2938
18:51:04,ESX-FUTURE,3081.0,73,3081.0,2879
18:51:04,SP-FUTURE,3042.0,146,3042.0,2665
18:51:04,ESX-FUTURE,3081.0,88,3081.0,2864
18:51:05,SP-FUTURE,3042.0,493,3042.0,2318
18:51:05,SP-FUTURE,3042.0,2515,3042.0,296
18:51:06,ESX-FUTURE,3080.0,2171,3081.0,781
18:51:07,SP-FUTURE,3042.0,2788,3042.0,23
18:51:07,ESX-FUTURE,3080.0,405,3081.0,2547
18:51:08,ESX-FUTURE,3076.0,813,3077.0,2139
18:51:08,SP-FUTURE,3042.0,538,3042.0,2273
18:51:09,ESX-FUTURE,3076.0,2075,3076.0,877
18:51:09,SP-FUTURE,3042.0,1672,3042.0,1139
18:51:10,SP-FUTURE,3042.0,2134,3042.0,677
18:51:10,ESX-FUTURE,3076.0,1685,3077.0,1267
18:51:11,ESX-FUTURE,3076.0,1549,3077.0,1403
18:51:12,ESX-FUTURE,3077.0,618,3077.0,2334
18:51:12,SP-FUTURE,3043.0,730,3043.0,2081
18:51:12,ESX-FUTURE,3077.0,54,3077.0,2898
18:51:13,SP-FUTURE,3043.0,876,3043.0,1935
18:51:13,ESX-FUTURE,3077.0,1070,3077.0,1882
18:51:15,ESX-FUTURE,3077.0,2392,3077.0,560
18:51:15,SP-FUTURE,3043.0,1354,3043.0,1457
18:51:15,ESX-FUTURE,3078.0,2256,3079.0,696
18:51:16,SP-FUTURE,3043.0,1247,3043.0,1564
18:51:16,ESX-FUTURE,3077.0,179,3078.0,2773
18:51:16,ESX-FUTURE,3077.0,459,3078.0,2493
18:51:17,SP-FUTURE,3043.0,1249,3043.0,1562
18:51:17,ESX-FUTURE,3077.0,466,3078.0,2486
18:51:17,SP-FUTURE,3043.0,1114,3043.0,1697
18:51:18,ESX-FUTURE,3079.0,2689,3079.0,263
18:51:18,ESX-FUTURE,3081.0,2531,3081.0,421
18:51:18,SP-FUTURE,3043.0,1981,3043.0,830
18:51:19,ESX-FUTURE,3081.0,2374,3081.0,578
18:51:19,ESX-FUTURE,3080.0,2515,3080.0,437
18:51:19,SP-FUTURE,3043.0,816,3043.0,1995
18:51:20,ESX-FUTURE,3080.0,2592,3080.0,360
18:51:20,SP-FUTURE,3043.0,1485,3043.0,1326
18:51:21,SP-FUTURE,3043.0,485,3043.0,2326
18:51:21,ESX-FUTURE,3080.0,2719,3080.0,233
18:51:21,ESX-FUTURE,3080.0,2789,3080.0,163
18:51:22,SP-FUTURE,3043.0,304,3043.0,2507
18:51:22,ESX-FUTURE,3080.0,2743,3080.0,209
18:51:23,ESX-FUTURE,3080.0,1799,3080.0,1153
18:51:23,SP-FUTURE,3043.0,1138,3043.0,1673
18:51:24,SP-FUTURE,3042.0,2698,3043.0,113
18:51:24,SP-FUTURE,3043.0,296,3043.0,2515
18:51:24,ESX-FUTURE,3080.0,1846,3080.0,1106
18:51:24,ESX-FUTURE,3080.0,1733,3080.0,1219
18:51:25,ESX-FUTURE,3080.0,2525,3080.0,427
18:51:25,ESX-FUTURE,3080.0,2409,3080.0,543
18:51:26,ESX-FUTURE,3080.0,2459,3080.0,493
18:51:26,SP-FUTURE,3043.0,471,3043.0,2340
18:51:26,ESX-FUTURE,3080.0,105,3080.0,2847
18:51:27,ESX-FUTURE,3080.0,1941,3080.0,1011
18:51:27,SP-FUTURE,3043.0,816,3043.0,1995
18:51:28,SP-FUTURE,3043.0,499,3043.0,2312
18:51:28,ESX-FUTURE,3080.0,1204,3080.0,1748
18:51:29,SP-FUTURE,3043.0,1478,3043.0,1333
18:51:30,ESX-FUTURE,3080.0,1863,3080.0,1089
18:51:30,SP-FUTURE,3043.0,1678,3043.0,1133
18:51:31,ESX-FUTURE,3079.0,2359,3080.0,593
18:51:31,SP-FUTURE,3043.0,97,3043.0,2714
18:51:32,SP-FUTURE,3043.0,2641,3043.0,170
18:51:33,ESX-FUTURE,3079.0,2462,3080.0,490
18:51:33,SP-FUTURE,3043.0,192,3043.0,2619
18:51:34,SP-FUTURE,3043.0,125,3043.0,2686
18:51:34,ESX-FUTURE,3079.0,2368,3080.0,584
18:51:35,SP-FUTURE,3043.0,140,3043.0,2671
18:51:36,SP-FUTURE,3043.0,2752,3043.0,59
18:51:36,ESX-FUTURE,3079.0,2393,3080.0,559
18:51:37,SP-FUTURE,3043.0,69,3043.0,2742
18:51:38,ESX-FUTURE,3079.0,2259,3080.0,693
18:51:38,SP-FUTURE,3043.0,1878,3043.0,933
18:51:39,ESX-FUTURE,3079.0,2269,3080.0,683
18:51:39,SP-FUTURE,3043.0,385,3044.0,2426
18:51:40,ESX-FUTURE,3079.0,2271,3080.0,681
18:51:40,SP-FUTURE,3042.0,2119,3042.0,692
18:51:41,ESX-FUTURE,3079.0,2299,3080.0,653
18:51:41,SP-FUTURE,3042.0,328,3043.0,2483
18:51:42,SP-FUTURE,3042.0,2652,3042.0,159
18:51:42,ESX-FUTURE,3080.0,7,3080.0,2945
18:51:43,SP-FUTURE,3042.0,2651,3042.0,160
18:51:44,SP-FUTURE,3042.0,2727,3042.0,84
18:51:44,ESX-FUTURE,3080.0,97,3080.0,2855
18:51:45,ESX-FUTURE,3080.0,102,3080.0,2850
18:51:46,SP-FUTURE,3042.0,2697,3042.0,114
18:51:46,ESX-FUTURE,3079.0,2918,3080.0,34
18:51:47,ESX-FUTURE,3079.0,2908,3080.0,44
18:51:48,SP-FUTURE,3042.0,2728,3042.0,83
18:51:48,SP-FUTURE,3042.0,2766,3042.0,45
18:51:49,ESX-FUTURE,3079.0,2802,3080.0,150
18:51:49,ESX-FUTURE,3079.0,2799,3080.0,153
18:51:50,SP-FUTURE,3042.0,2307,3042.0,504
18:51:51,SP-FUTURE,3042.0,2664,3042.0,147
18:51:51,ESX-FUTURE,3079.0,2359,3080.0,593
18:51:52,SP-FUTURE,3042.0,2668,3042.0,143
18:51:52,ESX-FUTURE,3079.0,2921,3080.0,31
18:51:53,ESX-FUTURE,3079.0,2936,3080.0,16
18:51:54,SP-FUTURE,3042.0,2678,3042.0,133
18:51:54,ESX-FUTURE,3079.0,2437,3080.0,515
18:51:55,ESX-FUTURE,3079.0,2440,3080.0,512
18:51:55,SP-FUTURE,3042.0,51,3042.0,2760
18:51:56,ESX-FUTURE,3079.0,2622,3080.0,330
18:51:56,SP-FUTURE,3042.0,324,3042.0,2487
18:51:56,ESX-FUTURE,3079.0,2598,3080.0,354
18:51:57,ESX-FUTURE,3079.0,2564,3080.0,388
18:51:57,ESX-FUTURE,3080.0,508,3080.0,2444
18:51:57,SP-FUTURE,3042.0,1907,3042.0,904
18:51:58,SP-FUTURE,3042.0,1903,3042.0,908
18:51:58,ESX-FUTURE,3080.0,148,3080.0,2804
18:51:59,ESX-FUTURE,3080.0,27,3080.0,2925
18:51:59,ESX-FUTURE,3079.0,1671,3080.0,1281
18:52:00,SP-FUTURE,3042.0,1719,3043.0,1092
18:52:00,ESX-FUTURE,3080.0,342,3080.0,2610
18:52:01,ESX-FUTURE,3079.0,2410,3079.0,542
18:52:01,SP-FUTURE,3043.0,225,3043.0,2586
18:52:02,SP-FUTURE,3043.0,663,3043.0,2148
18:52:03,ESX-FUTURE,3079.0,379,3079.0,2573
18:52:03,SP-FUTURE,3043.0,675,3043.0,2136
18:52:04,SP-FUTURE,3043.0,655,3043.0,2156
18:52:05,ESX-FUTURE,3079.0,2863,3079.0,89
18:52:06,ESX-FUTURE,3079.0,103,3079.0,2849
18:52:06,SP-FUTURE,3043.0,875,3043.0,1936
18:52:07,ESX-FUTURE,3079.0,2263,3079.0,689
18:52:07,SP-FUTURE,3043.0,908,3043.0,1903
18:52:08,SP-FUTURE,3043.0,1576,3043.0,1235
18:52:08,ESX-FUTURE,3079.0,2526,3079.0,426
18:52:08,ESX-FUTURE,3078.0,1718,3079.0,1234
18:52:09,SP-FUTURE,3043.0,1676,3043.0,1135
18:52:09,ESX-FUTURE,3078.0,359,3078.0,2593
18:52:10,SP-FUTURE,3043.0,2188,3043.0,623
18:52:10,ESX-FUTURE,3075.0,1873,3075.0,1079
18:52:11,SP-FUTURE,3043.0,1810,3043.0,1001
18:52:12,ESX-FUTURE,3075.0,2443,3075.0,509
18:52:13,SP-FUTURE,3043.0,774,3043.0,2037
18:52:14,ESX-FUTURE,3075.0,2029,3075.0,923
18:52:14,ESX-FUTURE,3075.0,2049,3075.0,903
18:52:14,SP-FUTURE,3043.0,245,3043.0,2566
18:52:15,ESX-FUTURE,3075.0,1796,3075.0,1156
18:52:15,SP-FUTURE,3043.0,615,3043.0,2196
18:52:16,ESX-FUTURE,3075.0,2280,3075.0,672
18:52:17,SP-FUTURE,3043.0,184,3043.0,2627
18:52:17,ESX-FUTURE,3075.0,252,3076.0,2700
18:52:18,SP-FUTURE,3043.0,160,3043.0,2651
18:52:18,ESX-FUTURE,3075.0,230,3076.0,2722
18:52:19,ESX-FUTURE,3075.0,2517,3075.0,435
18:52:19,SP-FUTURE,3043.0,2692,3043.0,119
18:52:19,SP-FUTURE,3043.0,2725,3043.0,86
18:52:20,ESX-FUTURE,3075.0,2686,3075.0,266
18:52:20,ESX-FUTURE,3075.0,348,3075.0,2604
18:52:21,ESX-FUTURE,3075.0,349,3075.0,2603
18:52:22,SP-FUTURE,3043.0,2328,3043.0,483
18:52:22,ESX-FUTURE,3074.0,1706,3074.0,1246
18:52:23,SP-FUTURE,3043.0,502,3043.0,2309
18:52:23,ESX-FUTURE,3074.0,2414,3074.0,538
18:52:24,SP-FUTURE,3043.0,678,3043.0,2133
18:52:24,ESX-FUTURE,3074.0,2417,3074.0,535
18:52:25,SP-FUTURE,3042.0,2781,3042.0,30
18:52:25,ESX-FUTURE,3074.0,2330,3074.0,622
18:52:25,ESX-FUTURE,3074.0,2212,3074.0,740
18:52:26,ESX-FUTURE,3070.0,2338,3070.0,614
18:52:26,SP-FUTURE,3042.0,1801,3042.0,1010
18:52:27,ESX-FUTURE,3070.0,2417,3070.0,535
18:52:27,SP-FUTURE,3042.0,1807,3042.0,1004
18:52:28,SP-FUTURE,3042.0,2028,3042.0,783
18:52:28,ESX-FUTURE,3070.0,2561,3070.0,391
18:52:28,SP-FUTURE,3042.0,653,3042.0,2158
18:52:28,SP-FUTURE,3042.0,1479,3042.0,1332
18:52:29,ESX-FUTURE,3070.0,2586,3070.0,366
18:52:30,SP-FUTURE,3039.0,430,3040.0,2381
18:52:30,ESX-FUTURE,3070.0,2488,3070.0,464
18:52:30,SP-FUTURE,3039.0,2630,3039.0,181
18:52:32,ESX-FUTURE,3070.0,2227,3070.0,725
18:52:32,SP-FUTURE,3039.0,784,3039.0,2027
18:52:32,ESX-FUTURE,3070.0,2222,3070.0,730
18:52:33,SP-FUTURE,3039.0,2381,3039.0,430
18:52:33,ESX-FUTURE,3070.0,1960,3070.0,992
18:52:33,SP-FUTURE,3039.0,112,3039.0,2699
18:52:33,SP-FUTURE,3038.0,2028,3039.0,783
18:52:34,SP-FUTURE,3039.0,2735,3039.0,76
18:52:34,ESX-FUTURE,3070.0,1533,3070.0,1419
18:52:35,ESX-FUTURE,3070.0,1535,3070.0,1417
18:52:35,SP-FUTURE,3039.0,104,3039.0,2707
18:52:36,ESX-FUTURE,3070.0,1674,3070.0,1278
18:52:36,SP-FUTURE,3038.0,2747,3039.0,64
18:52:36,ESX-FUTURE,3070.0,1573,3070.0,1379
18:52:37,ESX-FUTURE,3070.0,1740,3070.0,1212
18:52:38,SP-FUTURE,3038.0,2270,3039.0,541
18:52:38,ESX-FUTURE,3070.0,209,3070.0,2743
18:52:39,ESX-FUTURE,3070.0,2930,3070.0,22
18:52:39,SP-FUTURE,3034.0,1588,3035.0,1223
18:52:40,ESX-FUTURE,3070.0,1750,3070.0,1202
18:52:40,ESX-FUTURE,3070.0,2067,3070.0,885
18:52:41,SP-FUTURE,3034.0,1047,3035.0,1764
18:52:41,ESX-FUTURE,3070.0,2908,3070.0,44
18:52:41,ESX-FUTURE,3071.0,2484,3071.0,468
18:52:42,ESX-FUTURE,3071.0,1129,3071.0,1823
18:52:42,SP-FUTURE,3034.0,1668,3035.0,1143
18:52:42,SP-FUTURE,3034.0,2552,3035.0,259
18:52:42,ESX-FUTURE,3071.0,848,3071.0,2104
18:52:42,SP-FUTURE,3034.0,2734,3034.0,77
18:52:43,ESX-FUTURE,3071.0,825,3071.0,2127
18:52:44,SP-FUTURE,3034.0,1728,3034.0,1083
18:52:45,ESX-FUTURE,3071.0,2934,3071.0,18
18:52:46,SP-FUTURE,3034.0,1729,3034.0,1082
18:52:46,ESX-FUTURE,3071.0,2800,3071.0,152
18:52:46,SP-FUTURE,3034.0,1961,3034.0,850
18:52:46,ESX-FUTURE,3070.0,859,3071.0,2093
18:52:48,ESX-FUTURE,3070.0,1633,3071.0,1319
18:52:48,SP-FUTURE,3032.0,2293,3032.0,518
18:52:48,ESX-FUTURE,3070.0,1896,3070.0,1056
18:52:49,SP-FUTURE,3031.0,2761,3031.0,50
18:52:49,ESX-FUTURE,3070.0,1914,3070.0,1038
18:52:50,SP-FUTURE,3029.0,856,3029.0,1955
18:52:51,ESX-FUTURE,3071.0,2538,3071.0,414
18:52:52,SP-FUTURE,3029.0,1302,3029.0,1509
18:52:52,ESX-FUTURE,3071.0,2004,3071.0,948
18:52:53,ESX-FUTURE,3071.0,583,3071.0,2369
18:52:53,SP-FUTURE,3029.0,1185,3029.0,1626
18:52:54,ESX-FUTURE,3070.0,1280,3070.0,1672
18:52:54,SP-FUTURE,3029.0,1028,3029.0,1783
18:52:55,ESX-FUTURE,3070.0,2325,3070.0,627
18:52:56,ESX-FUTURE,3070.0,2913,3070.0,39
18:52:56,SP-FUTURE,3029.0,1032,3029.0,1779
18:52:57,ESX-FUTURE,3070.0,2467,3070.0,485
18:52:58,SP-FUTURE,3029.0,1258,3029.0,1553
18:52:58,ESX-FUTURE,3070.0,1228,3070.0,1724
18:52:59,ESX-FUTURE,3071.0,568,3071.0,2384
18:52:59,SP-FUTURE,3029.0,1352,3029.0,1459
18:53:00,ESX-FUTURE,3071.0,663,3071.0,2289
18:53:00,SP-FUTURE,3029.0,279,3029.0,2532
18:53:01,SP-FUTURE,3029.0,2373,3029.0,438
18:53:01,ESX-FUTURE,3071.0,941,3071.0,2011
18:53:02,ESX-FUTURE,3071.0,735,3071.0,2217
18:53:02,SP-FUTURE,3028.0,1086,3029.0,1725
18:53:03,SP-FUTURE,3028.0,171,3029.0,2640
18:53:03,ESX-FUTURE,3071.0,878,3071.0,2074
18:53:04,ESX-FUTURE,3071.0,857,3071.0,2095
18:53:04,SP-FUTURE,3028.0,40,3029.0,2771
18:53:05,SP-FUTURE,3029.0,1651,3029.0,1160
18:53:06,SP-FUTURE,3028.0,244,3029.0,2567
18:53:06,ESX-FUTURE,3071.0,2129,3071.0,823
18:53:07,ESX-FUTURE,3071.0,2198,3071.0,754
18:53:07,SP-FUTURE,3028.0,323,3029.0,2488
18:53:09,ESX-FUTURE,3072.0,2595,3072.0,357
18:53:09,SP-FUTURE,3028.0,1165,3029.0,1646
18:53:10,ESX-FUTURE,3071.0,1035,3072.0,1917
18:53:11,SP-FUTURE,3030.0,460,3031.0,2351
18:53:11,ESX-FUTURE,3071.0,2744,3071.0,208
18:53:13,SP-FUTURE,3030.0,829,3031.0,1982
18:53:13,ESX-FUTURE,3071.0,86,3072.0,2866
18:53:13,ESX-FUTURE,3071.0,1451,3072.0,1501
18:53:13,SP-FUTURE,3031.0,1695,3031.0,1116
18:53:13,SP-FUTURE,3032.0,1099,3033.0,1712
18:53:14,SP-FUTURE,3033.0,1264,3033.0,1547
18:53:15,ESX-FUTURE,3071.0,1448,3072.0,1504
18:53:15,SP-FUTURE,3033.0,615,3033.0,2196
18:53:15,SP-FUTURE,3033.0,3,3033.0,2808
18:53:15,ESX-FUTURE,3071.0,1448,3072.0,1504
18:53:15,SP-FUTURE,3033.0,548,3033.0,2263
18:53:16,ESX-FUTURE,3071.0,2867,3072.0,85
18:53:16,SP-FUTURE,3033.0,549,3033.0,2262
18:53:17,ESX-FUTURE,3071.0,2828,3072.0,124
18:53:17,SP-FUTURE,3033.0,686,3033.0,2125
18:53:18,ESX-FUTURE,3071.0,2706,3072.0,246
18:53:18,SP-FUTURE,3033.0,890,3033.0,1921
18:53:19,ESX-FUTURE,3072.0,430,3072.0,2522
18:53:20,SP-FUTURE,3033.0,408,3033.0,2403
18:53:20,ESX-FUTURE,3071.0,2849,3072.0,103
18:53:21,SP-FUTURE,3033.0,431,3033.0,2380
18:53:21,ESX-FUTURE,3071.0,2833,3072.0,119
18:53:22,SP-FUTURE,3033.0,1453,3033.0,1358
18:53:22,SP-FUTURE,3033.0,1454,3033.0,1357
18:53:23,ESX-FUTURE,3072.0,2706,3072.0,246
18:53:23,ESX-FUTURE,3071.0,405,3071.0,2547
18:53:23,SP-FUTURE,3033.0,1447,3033.0,1364
18:53:24,SP-FUTURE,3033.0,507,3033.0,2304
18:53:24,ESX-FUTURE,3071.0,263,3071.0,2689
18:53:24,SP-FUTURE,3033.0,270,3033.0,2541
18:53:25,SP-FUTURE,3033.0,1036,3033.0,1775
18:53:26,ESX-FUTURE,3071.0,687,3071.0,2265
18:53:27,SP-FUTURE,3036.0,2507,3036.0,304
18:53:27,ESX-FUTURE,3071.0,1412,3071.0,1540
18:53:28,SP-FUTURE,3036.0,1594,3036.0,1217
18:53:29,SP-FUTURE,3036.0,2495,3036.0,316
18:53:29,SP-FUTURE,3036.0,2432,3036.0,379
18:53:29,ESX-FUTURE,3071.0,1787,3071.0,1165
18:53:30,ESX-FUTURE,3070.0,1853,3070.0,1099
18:53:31,SP-FUTURE,3036.0,1421,3036.0,1390
18:53:31,ESX-FUTURE,3070.0,1280,3071.0,1672
18:53:32,SP-FUTURE,3036.0,1845,3036.0,966
18:53:33,SP-FUTURE,3036.0,1123,3036.0,1688
18:53:33,ESX-FUTURE,3069.0,615,3070.0,2337
18:53:33,SP-FUTURE,3037.0,1386,3037.0,1425
18:53:34,SP-FUTURE,3037.0,1869,3037.0,942
18:53:35,ESX-FUTURE,3070.0,1182,3070.0,1770
18:53:35,SP-FUTURE,3037.0,2209,3037.0,602
18:53:35,SP-FUTURE,3036.0,2689,3037.0,122
18:53:36,SP-FUTURE,3037.0,11,3037.0,2800
18:53:36,SP-FUTURE,3036.0,735,3036.0,2076
18:53:36,ESX-FUTURE,3070.0,2619,3070.0,333
18:53:37,SP-FUTURE,3036.0,850,3036.0,1961
18:53:37,ESX-FUTURE,3070.0,2564,3070.0,388
18:53:38,SP-FUTURE,3036.0,2663,3036.0,148
18:53:38,SP-FUTURE,3036.0,961,3036.0,1850
18:53:38,ESX-FUTURE,3070.0,2502,3070.0,450
18:53:39,ESX-FUTURE,3069.0,2115,3069.0,837
18:53:40,SP-FUTURE,3036.0,1439,3036.0,1372
18:53:41,ESX-FUTURE,3069.0,2431,3070.0,521
18:53:41,ESX-FUTURE,3070.0,1255,3070.0,1697
18:53:41,SP-FUTURE,3036.0,435,3036.0,2376
18:53:42,SP-FUTURE,3036.0,1739,3037.0,1072
18:53:43,ESX-FUTURE,3070.0,2509,3070.0,443
18:53:43,SP-FUTURE,3036.0,1743,3037.0,1068
18:53:43,ESX-FUTURE,3070.0,107,3070.0,2845
18:53:44,ESX-FUTURE,3070.0,1710,3070.0,1242
18:53:44,SP-FUTURE,3037.0,1715,3037.0,1096
18:53:45,ESX-FUTURE,3070.0,1495,3070.0,1457
18:53:45,SP-FUTURE,3038.0,1568,3038.0,1243
18:53:46,ESX-FUTURE,3070.0,1062,3070.0,1890
18:53:46,SP-FUTURE,3040.0,2092,3040.0,719
18:53:47,SP-FUTURE,3040.0,196,3040.0,2615
18:53:47,ESX-FUTURE,3070.0,923,3070.0,2029
18:53:48,ESX-FUTURE,3070.0,2205,3070.0,747
18:53:48,SP-FUTURE,3040.0,2799,3040.0,12
18:53:48,SP-FUTURE,3040.0,493,3040.0,2318
18:53:49,SP-FUTURE,3040.0,2420,3040.0,391
18:53:49,ESX-FUTURE,3070.0,1551,3070.0,1401
18:53:50,SP-FUTURE,3038.0,924,3039.0,1887
18:53:51,ESX-FUTURE,3070.0,846,3070.0,2106
18:53:52,ESX-FUTURE,3070.0,704,3070.0,2248
18:53:52,SP-FUTURE,3040.0,1542,3041.0,1269
18:53:53,ESX-FUTURE,3069.0,2618,3069.0,334
18:53:53,SP-FUTURE,3040.0,2511,3041.0,300
18:53:54,ESX-FUTURE,3069.0,2656,3069.0,296
18:53:54,SP-FUTURE,3040.0,2688,3041.0,123
18:53:55,ESX-FUTURE,3069.0,1721,3069.0,1231
18:53:55,SP-FUTURE,3040.0,1858,3041.0,953
18:53:56,SP-FUTURE,3040.0,744,3041.0,2067
18:53:56,ESX-FUTURE,3069.0,1030,3069.0,1922
18:53:57,SP-FUTURE,3040.0,1906,3041.0,905
18:53:57,ESX-FUTURE,3069.0,1124,3069.0,1828
18:53:57,ESX-FUTURE,3069.0,2897,3069.0,55
18:53:57,ESX-FUTURE,3069.0,2150,3069.0,802
18:53:58,SP-FUTURE,3039.0,1930,3039.0,881
18:53:58,ESX-FUTURE,3069.0,2933,3069.0,19
18:53:58,SP-FUTURE,3039.0,1939,3039.0,872
18:53:59,SP-FUTURE,3039.0,1959,3039.0,852
18:53:59,ESX-FUTURE,3069.0,1117,3069.0,1835
18:54:00,ESX-FUTURE,3069.0,828,3069.0,2124
18:54:00,ESX-FUTURE,3069.0,1730,3069.0,1222
18:54:00,SP-FUTURE,3039.0,772,3039.0,2039
18:54:01,ESX-FUTURE,3069.0,2683,3069.0,269
18:54:02,SP-FUTURE,3039.0,1073,3039.0,1738
18:54:03,SP-FUTURE,3039.0,1213,3039.0,1598
18:54:03,ESX-FUTURE,3069.0,1369,3069.0,1583
18:54:04,ESX-FUTURE,3068.0,2095,3069.0,857
18:54:04,SP-FUTURE,3036.0,503,3036.0,2308
18:54:05,SP-FUTURE,3036.0,1597,3036.0,1214
18:54:05,ESX-FUTURE,3068.0,2431,3068.0,521
18:54:06,SP-FUTURE,3036.0,1419,3036.0,1392
18:54:06,ESX-FUTURE,3068.0,317,3069.0,2635
18:54:07,SP-FUTURE,3036.0,1417,3036.0,1394
18:54:07,ESX-FUTURE,3068.0,662,3068.0,2290
18:54:08,SP-FUTURE,3036.0,2027,3036.0,784
18:54:09,ESX-FUTURE,3068.0,2905,3068.0,47
18:54:09,SP-FUTURE,3036.0,1757,3036.0,1054
18:54:09,ESX-FUTURE,3068.0,2567,3068.0,385
18:54:11,SP-FUTURE,3036.0,2558,3036.0,253
18:54:11,ESX-FUTURE,3068.0,239,3069.0,2713
18:54:11,ESX-FUTURE,3068.0,1565,3068.0,1387
18:54:12,SP-FUTURE,3035.0,346,3035.0,2465
18:54:12,ESX-FUTURE,3068.0,1309,3068.0,1643
18:54:12,ESX-FUTURE,3068.0,1291,3068.0,1661
18:54:12,SP-FUTURE,3035.0,2534,3035.0,277
18:54:13,ESX-FUTURE,3068.0,2647,3068.0,305
18:54:14,SP-FUTURE,3035.0,1319,3035.0,1492
18:54:14,ESX-FUTURE,3068.0,843,3069.0,2109
18:54:14,ESX-FUTURE,3069.0,1697,3069.0,1255
18:54:15,SP-FUTURE,3035.0,2196,3035.0,615
18:54:15,ESX-FUTURE,3069.0,802,3069.0,2150
18:54:15,ESX-FUTURE,3069.0,1899,3069.0,1053
18:54:16,ESX-FUTURE,3069.0,710,3070.0,2242
18:54:16,SP-FUTURE,3035.0,401,3035.0,2410
18:54:16,SP-FUTURE,3035.0,399,3035.0,2412
18:54:17,ESX-FUTURE,3069.0,1186,3070.0,1766
18:54:17,SP-FUTURE,3035.0,10,3035.0,2801
18:54:18,ESX-FUTURE,3069.0,1182,3070.0,1770
18:54:18,SP-FUTURE,3035.0,1256,3035.0,1555
18:54:19,ESX-FUTURE,3069.0,318,3070.0,2634
18:54:20,ESX-FUTURE,3068.0,1803,3068.0,1149
18:54:20,SP-FUTURE,3035.0,1175,3035.0,1636
18:54:20,SP-FUTURE,3035.0,807,3035.0,2004
18:54:21,ESX-FUTURE,3068.0,1770,3068.0,1182
18:54:22,SP-FUTURE,3035.0,928,3035.0,1883
18:54:22,ESX-FUTURE,3068.0,2294,3069.0,658
18:54:22,ESX-FUTURE,3068.0,2527,3069.0,425
18:54:22,ESX-FUTURE,3068.0,2481,3069.0,471
18:54:23,SP-FUTURE,3035.0,113,3035.0,2698
18:54:23,SP-FUTURE,3035.0,118,3035.0,2693
18:54:23,ESX-FUTURE,3068.0,2491,3069.0,461
18:54:24,ESX-FUTURE,3068.0,2436,3069.0,516
18:54:25,ESX-FUTURE,3069.0,274,3069.0,2678
18:54:25,SP-FUTURE,3038.0,2321,3038.0,490
18:54:25,ESX-FUTURE,3069.0,2297,3069.0,655
18:54:26,SP-FUTURE,3038.0,2195,3038.0,616
18:54:26,ESX-FUTURE,3069.0,970,3069.0,1982
18:54:26,ESX-FUTURE,3069.0,2004,3069.0,948
18:54:26,ESX-FUTURE,3069.0,652,3069.0,2300
18:54:26,SP-FUTURE,3038.0,853,3039.0,1958
18:54:27,ESX-FUTURE,3068.0,1254,3069.0,1698
18:54:28,SP-FUTURE,3039.0,2221,3039.0,590
18:54:28,SP-FUTURE,3039.0,212,3039.0,2599
18:54:29,ESX-FUTURE,3068.0,1602,3069.0,1350
18:54:29,ESX-FUTURE,3069.0,1213,3069.0,1739
18:54:30,SP-FUTURE,3038.0,1779,3039.0,1032
18:54:30,ESX-FUTURE,3069.0,2359,3070.0,593
18:54:32,SP-FUTURE,3038.0,2361,3039.0,450
18:54:32,ESX-FUTURE,3069.0,1248,3070.0,1704
18:54:32,ESX-FUTURE,3069.0,2025,3070.0,927
18:54:32,SP-FUTURE,3039.0,110,3039.0,2701
18:54:33,ESX-FUTURE,3069.0,1914,3070.0,1038
18:54:34,ESX-FUTURE,3069.0,1751,3070.0,1201
18:54:34,SP-FUTURE,3038.0,1447,3039.0,1364
18:54:35,ESX-FUTURE,3070.0,1362,3070.0,1590
18:54:35,SP-FUTURE,3038.0,1591,3039.0,1220
18:54:36,ESX-FUTURE,3069.0,2105,3070.0,847
18:54:36,SP-FUTURE,3038.0,855,3038.0,1956
18:54:36,SP-FUTURE,3038.0,2305,3038.0,506
18:54:38,SP-FUTURE,3038.0,2325,3038.0,486
18:54:38,ESX-FUTURE,3069.0,2864,3070.0,88
18:54:39,ESX-FUTURE,3069.0,2322,3070.0,630
18:54:39,SP-FUTURE,3039.0,1452,3039.0,1359
18:54:39,ESX-FUTURE,3070.0,202,3070.0,2750
18:54:40,ESX-FUTURE,3070.0,28,3070.0,2924
18:54:41,ESX-FUTURE,3068.0,2351,3068.0,601
18:54:41,SP-FUTURE,3038.0,1606,3039.0,1205
18:54:42,ESX-FUTURE,3068.0,2644,3068.0,308
18:54:43,SP-FUTURE,3038.0,2134,3039.0,677
18:54:43,ESX-FUTURE,3068.0,2667,3068.0,285
18:54:43,ESX-FUTURE,3068.0,2756,3068.0,196
18:54:43,SP-FUTURE,3038.0,2258,3039.0,553
18:54:44,SP-FUTURE,3038.0,2726,3039.0,85
18:54:44,ESX-FUTURE,3068.0,2775,3068.0,177
18:54:44,SP-FUTURE,3035.0,1144,3035.0,1667
18:54:45,SP-FUTURE,3035.0,1377,3035.0,1434
18:54:45,ESX-FUTURE,3068.0,2613,3068.0,339
18:54:46,SP-FUTURE,3034.0,1802,3035.0,1009
18:54:46,SP-FUTURE,3034.0,1955,3035.0,856
18:54:47,SP-FUTURE,3035.0,423,3035.0,2388
18:54:47,ESX-FUTURE,3068.0,694,3069.0,2258
18:54:48,ESX-FUTURE,3068.0,2262,3068.0,690
18:54:48,SP-FUTURE,3034.0,2787,3034.0,24
18:54:49,ESX-FUTURE,3068.0,2299,3068.0,653
18:54:49,ESX-FUTURE,3068.0,2315,3068.0,637
18:54:50,SP-FUTURE,3034.0,2543,3034.0,268
18:54:50,ESX-FUTURE,3068.0,2141,3068.0,811
18:54:50,ESX-FUTURE,3068.0,371,3069.0,2581
18:54:50,SP-FUTURE,3034.0,515,3035.0,2296
18:54:51,SP-FUTURE,3034.0,628,3035.0,2183
18:54:51,ESX-FUTURE,3068.0,1580,3069.0,1372
18:54:52,ESX-FUTURE,3069.0,1187,3069.0,1765
18:54:52,SP-FUTURE,3034.0,2319,3034.0,492
18:54:52,SP-FUTURE,3034.0,762,3034.0,2049
18:54:53,ESX-FUTURE,3069.0,1787,3069.0,1165
18:54:53,SP-FUTURE,3034.0,756,3034.0,2055
18:54:54,SP-FUTURE,3034.0,1589,3035.0,1222
18:54:55,ESX-FUTURE,3069.0,1849,3069.0,1103
18:54:56,ESX-FUTURE,3069.0,717,3069.0,2235
18:54:56,SP-FUTURE,3035.0,2802,3035.0,9
18:54:57,ESX-FUTURE,3069.0,718,3069.0,2234
18:54:57,SP-FUTURE,3035.0,133,3035.0,2678
18:54:58,ESX-FUTURE,3069.0,735,3069.0,2217
18:54:58,SP-FUTURE,3035.0,92,3035.0,2719
