Timestamp,Instrument,Bid Price,Bid Volume,Ask Price,Ask Volume,TODO
02:24:14,ESX-FUTURE,3104.0,467,3104.0,2500,NOTHING
02:24:15,ESX-FUTURE,3104.0,480,3104.0,2487,NOTHING
02:24:16,ESX-FUTURE,3104.0,196,3104.0,2771,NOTHING
02:24:17,ESX-FUTURE,3104.0,1815,3104.0,1152,NOTHING
02:24:17,ESX-FUTURE,3104.0,1869,3104.0,1098,NOTHING
02:24:18,ESX-FUTURE,3104.0,2046,3104.0,921,NOTHING
02:24:20,ESX-FUTURE,3105.0,560,3106.0,2407,NOTHING
02:24:21,ESX-FUTURE,3105.0,2946,3105.0,21,NOTHING
02:24:21,ESX-FUTURE,3105.0,2965,3105.0,2,NOTHING
02:24:21,ESX-FUTURE,3105.0,1720,3105.0,1247,NOTHING
02:24:23,ESX-FUTURE,3105.0,1561,3105.0,1406,NOTHING
02:24:25,ESX-FUTURE,3105.0,328,3105.0,2639,NOTHING
02:24:26,ESX-FUTURE,3105.0,662,3105.0,2305,NOTHING
02:24:27,ESX-FUTURE,3105.0,1373,3105.0,1594,NOTHING
02:24:28,ESX-FUTURE,3105.0,435,3106.0,2532,NOTHING
02:24:29,ESX-FUTURE,3105.0,1691,3106.0,1276,NOTHING
02:24:30,ESX-FUTURE,3105.0,1994,3105.0,973,NOTHING
02:24:31,ESX-FUTURE,3105.0,350,3106.0,2617,NOTHING
02:24:32,ESX-FUTURE,3105.0,1510,3106.0,1457,NOTHING
02:24:33,ESX-FUTURE,3105.0,1389,3106.0,1578,NOTHING
02:24:34,ESX-FUTURE,3105.0,2339,3105.0,628,NOTHING
02:24:35,ESX-FUTURE,3106.0,2389,3106.0,578,NOTHING
02:24:35,ESX-FUTURE,3106.0,1176,3106.0,1791,NOTHING
02:24:36,ESX-FUTURE,3106.0,1498,3106.0,1469,NOTHING
02:24:37,ESX-FUTURE,3106.0,1657,3106.0,1310,NOTHING
02:24:39,ESX-FUTURE,3105.0,1556,3105.0,1411,NOTHING
02:24:39,ESX-FUTURE,3106.0,1358,3106.0,1609,NOTHING
02:24:40,ESX-FUTURE,3105.0,9,3106.0,2958,NOTHING
02:24:41,ESX-FUTURE,3105.0,1698,3106.0,1269,NOTHING
02:24:42,ESX-FUTURE,3105.0,2904,3105.0,63,NOTHING
02:24:43,ESX-FUTURE,3105.0,1055,3105.0,1912,NOTHING
02:24:43,ESX-FUTURE,3105.0,1009,3105.0,1958,NOTHING
02:24:45,ESX-FUTURE,3105.0,633,3105.0,2334,NOTHING
02:24:46,ESX-FUTURE,3105.0,465,3105.0,2502,NOTHING
02:24:46,ESX-FUTURE,3105.0,1036,3105.0,1931,NOTHING
02:24:47,ESX-FUTURE,3103.0,2219,3104.0,748,NOTHING
02:24:49,ESX-FUTURE,3103.0,2729,3103.0,238,NOTHING
02:24:50,ESX-FUTURE,3103.0,762,3104.0,2205,NOTHING
02:24:51,ESX-FUTURE,3103.0,775,3104.0,2192,NOTHING
02:24:52,ESX-FUTURE,3103.0,2024,3103.0,943,NOTHING
02:24:53,ESX-FUTURE,3103.0,2522,3104.0,445,NOTHING
02:24:54,ESX-FUTURE,3103.0,2525,3104.0,442,NOTHING
02:24:55,ESX-FUTURE,3103.0,2384,3104.0,583,NOTHING
02:24:56,ESX-FUTURE,3103.0,1213,3104.0,1754,NOTHING
02:24:56,ESX-FUTURE,3103.0,1221,3104.0,1746,NOTHING
02:24:56,ESX-FUTURE,3103.0,1209,3104.0,1758,NOTHING
02:24:58,ESX-FUTURE,3103.0,993,3104.0,1974,NOTHING
02:24:59,ESX-FUTURE,3103.0,990,3104.0,1977,NOTHING
02:25:00,ESX-FUTURE,3103.0,1634,3104.0,1333,NOTHING
02:25:00,ESX-FUTURE,3103.0,2103,3104.0,864,NOTHING
02:25:02,ESX-FUTURE,3104.0,133,3104.0,2834,NOTHING
02:25:02,ESX-FUTURE,3104.0,1630,3104.0,1337,NOTHING
02:25:03,ESX-FUTURE,3104.0,1365,3104.0,1602,NOTHING
02:25:04,ESX-FUTURE,3104.0,1373,3104.0,1594,NOTHING
02:25:05,ESX-FUTURE,3105.0,2810,3105.0,157,NOTHING
02:25:05,ESX-FUTURE,3105.0,2513,3105.0,454,NOTHING
02:25:06,ESX-FUTURE,3105.0,1198,3105.0,1769,NOTHING
02:25:07,ESX-FUTURE,3105.0,2371,3105.0,596,NOTHING
02:25:08,ESX-FUTURE,3105.0,2826,3105.0,141,NOTHING
02:25:09,ESX-FUTURE,3105.0,2927,3105.0,40,NOTHING
02:25:11,ESX-FUTURE,3105.0,2688,3106.0,279,NOTHING
02:25:11,ESX-FUTURE,3106.0,1916,3106.0,1051,NOTHING
02:25:12,ESX-FUTURE,3106.0,420,3106.0,2547,NOTHING
02:25:13,ESX-FUTURE,3105.0,2930,3106.0,37,NOTHING
02:25:14,ESX-FUTURE,3106.0,1233,3106.0,1734,NOTHING
02:25:16,ESX-FUTURE,3106.0,1234,3106.0,1733,NOTHING
02:25:16,ESX-FUTURE,3106.0,1235,3106.0,1732,NOTHING
02:25:17,ESX-FUTURE,3106.0,1251,3106.0,1716,NOTHING
02:25:18,ESX-FUTURE,3106.0,1116,3106.0,1851,NOTHING
02:25:19,ESX-FUTURE,3104.0,2367,3105.0,600,NOTHING
02:25:20,ESX-FUTURE,3104.0,1815,3105.0,1152,NOTHING
02:25:22,ESX-FUTURE,3104.0,1568,3105.0,1399,NOTHING
02:25:23,ESX-FUTURE,3105.0,309,3106.0,2658,NOTHING
02:25:24,ESX-FUTURE,3105.0,500,3106.0,2467,NOTHING
02:25:25,ESX-FUTURE,3105.0,668,3106.0,2299,NOTHING
02:25:27,ESX-FUTURE,3106.0,2709,3106.0,258,NOTHING
02:25:28,ESX-FUTURE,3106.0,262,3107.0,2705,NOTHING
02:25:28,ESX-FUTURE,3106.0,64,3107.0,2903,NOTHING
02:25:30,ESX-FUTURE,3106.0,1021,3107.0,1946,NOTHING
02:25:32,ESX-FUTURE,3107.0,1665,3107.0,1302,NOTHING
02:25:33,ESX-FUTURE,3107.0,708,3107.0,2259,NOTHING
02:25:33,ESX-FUTURE,3107.0,689,3107.0,2278,NOTHING
02:25:33,ESX-FUTURE,3107.0,791,3107.0,2176,NOTHING
02:25:35,ESX-FUTURE,3106.0,2918,3106.0,49,NOTHING
02:25:36,ESX-FUTURE,3106.0,2934,3106.0,33,NOTHING
02:25:37,ESX-FUTURE,3106.0,381,3106.0,2586,NOTHING
02:25:38,ESX-FUTURE,3106.0,491,3106.0,2476,NOTHING
02:25:39,ESX-FUTURE,3106.0,608,3106.0,2359,NOTHING
02:25:41,ESX-FUTURE,3106.0,345,3106.0,2622,NOTHING
02:25:43,ESX-FUTURE,3106.0,1367,3106.0,1600,NOTHING
02:25:44,ESX-FUTURE,3107.0,584,3107.0,2383,NOTHING
02:25:45,ESX-FUTURE,3106.0,2734,3106.0,233,NOTHING
02:25:46,ESX-FUTURE,3106.0,356,3107.0,2611,NOTHING
02:25:47,ESX-FUTURE,3106.0,1170,3107.0,1797,NOTHING
02:25:48,ESX-FUTURE,3106.0,1214,3107.0,1753,NOTHING
02:25:49,ESX-FUTURE,3106.0,758,3107.0,2209,NOTHING
02:25:51,ESX-FUTURE,3106.0,778,3107.0,2189,NOTHING
02:25:52,ESX-FUTURE,3106.0,2615,3106.0,352,NOTHING
02:25:53,ESX-FUTURE,3106.0,2565,3106.0,402,NOTHING
02:25:54,ESX-FUTURE,3106.0,2707,3106.0,260,NOTHING
02:25:54,ESX-FUTURE,3106.0,2572,3106.0,395,NOTHING
02:25:57,ESX-FUTURE,3107.0,359,3107.0,2608,NOTHING
02:25:58,ESX-FUTURE,3107.0,388,3107.0,2579,NOTHING
02:25:59,ESX-FUTURE,3107.0,2834,3107.0,133,NOTHING
02:26:00,ESX-FUTURE,3107.0,2680,3107.0,287,BUY
02:26:00,ESX-FUTURE,3107.0,1230,3107.0,1737,BUY
02:26:01,ESX-FUTURE,3107.0,1664,3107.0,1303,BUY
02:26:02,ESX-FUTURE,3106.0,2585,3106.0,382,BUY
02:26:03,ESX-FUTURE,3106.0,1986,3107.0,981,BUY
02:26:03,ESX-FUTURE,3107.0,993,3107.0,1974,BUY
02:26:04,ESX-FUTURE,3105.0,2263,3105.0,704,BUY
02:26:05,ESX-FUTURE,3105.0,207,3106.0,2760,BUY
02:26:06,ESX-FUTURE,3106.0,2276,3106.0,691,BUY
02:26:07,ESX-FUTURE,3106.0,2301,3106.0,666,BUY
02:26:09,ESX-FUTURE,3106.0,1404,3106.0,1563,BUY
02:26:09,ESX-FUTURE,3106.0,691,3106.0,2276,BUY
02:26:09,ESX-FUTURE,3103.0,1762,3103.0,1205,BUY
02:26:09,ESX-FUTURE,3103.0,1608,3103.0,1359,BUY
02:26:09,ESX-FUTURE,3103.0,1918,3103.0,1049,BUY
02:26:10,ESX-FUTURE,3103.0,1488,3103.0,1479,BUY
02:26:11,ESX-FUTURE,3103.0,1388,3103.0,1579,BUY
02:26:12,ESX-FUTURE,3103.0,1241,3103.0,1726,BUY
02:26:13,ESX-FUTURE,3102.0,2823,3102.0,144,BUY
02:26:15,ESX-FUTURE,3102.0,2837,3102.0,130,BUY
02:26:16,ESX-FUTURE,3102.0,442,3103.0,2525,BUY
02:26:16,ESX-FUTURE,3103.0,2374,3103.0,593,BUY
02:26:18,ESX-FUTURE,3103.0,409,3103.0,2558,BUY
02:26:18,ESX-FUTURE,3103.0,1790,3103.0,1177,BUY
02:26:20,ESX-FUTURE,3103.0,1101,3103.0,1866,BUY
02:26:21,ESX-FUTURE,3102.0,2636,3103.0,331,BUY
02:26:22,ESX-FUTURE,3103.0,1445,3103.0,1522,BUY
02:26:24,ESX-FUTURE,3103.0,1440,3103.0,1527,BUY
02:26:25,ESX-FUTURE,3100.0,1280,3100.0,1687,BUY
02:26:27,ESX-FUTURE,3098.0,1913,3098.0,1054,BUY
02:26:27,ESX-FUTURE,3098.0,434,3098.0,2533,BUY
02:26:27,ESX-FUTURE,3098.0,1453,3098.0,1514,BUY
02:26:28,ESX-FUTURE,3098.0,1743,3098.0,1224,BUY
02:26:28,ESX-FUTURE,3098.0,1802,3098.0,1165,BUY
02:26:29,ESX-FUTURE,3098.0,1710,3098.0,1257,BUY
02:26:30,ESX-FUTURE,3098.0,1707,3098.0,1260,BUY
02:26:31,ESX-FUTURE,3098.0,1695,3098.0,1272,BUY
02:26:31,ESX-FUTURE,3098.0,1551,3098.0,1416,BUY
02:26:32,ESX-FUTURE,3099.0,1063,3099.0,1904,BUY
02:26:33,ESX-FUTURE,3099.0,2364,3099.0,603,BUY
02:26:34,ESX-FUTURE,3099.0,1237,3099.0,1730,BUY
02:26:36,ESX-FUTURE,3098.0,200,3099.0,2767,BUY
02:26:37,ESX-FUTURE,3098.0,200,3099.0,2767,BUY
02:26:38,ESX-FUTURE,3100.0,185,3100.0,2782,BUY
02:26:39,ESX-FUTURE,3099.0,1607,3099.0,1360,BUY
02:26:41,ESX-FUTURE,3099.0,1895,3099.0,1072,BUY
02:26:43,ESX-FUTURE,3101.0,2259,3101.0,708,BUY
02:26:43,ESX-FUTURE,3101.0,1365,3102.0,1602,BUY
02:26:44,ESX-FUTURE,3101.0,1315,3102.0,1652,BUY
02:26:45,ESX-FUTURE,3101.0,1333,3102.0,1634,BUY
02:26:46,ESX-FUTURE,3101.0,988,3102.0,1979,BUY
02:26:48,ESX-FUTURE,3101.0,2624,3102.0,343,BUY
02:26:50,ESX-FUTURE,3101.0,2797,3102.0,170,BUY
02:26:51,ESX-FUTURE,3102.0,1384,3102.0,1583,BUY
02:26:51,ESX-FUTURE,3102.0,406,3102.0,2561,BUY
02:26:52,ESX-FUTURE,3102.0,160,3102.0,2807,BUY
02:26:53,ESX-FUTURE,3102.0,332,3102.0,2635,BUY
02:26:54,ESX-FUTURE,3101.0,2525,3102.0,442,BUY
02:26:54,ESX-FUTURE,3101.0,2534,3102.0,433,BUY
02:26:56,ESX-FUTURE,3101.0,2873,3102.0,94,BUY
02:26:57,ESX-FUTURE,3101.0,2856,3102.0,111,BUY
02:26:58,ESX-FUTURE,3103.0,1601,3103.0,1366,BUY
02:27:00,ESX-FUTURE,3103.0,1850,3103.0,1117,NOTHING
02:27:01,ESX-FUTURE,3100.0,358,3100.0,2609,NOTHING
02:27:02,ESX-FUTURE,3100.0,751,3100.0,2216,NOTHING
02:27:03,ESX-FUTURE,3100.0,1066,3100.0,1901,NOTHING
02:27:04,ESX-FUTURE,3100.0,656,3100.0,2311,NOTHING
02:27:04,ESX-FUTURE,3100.0,2116,3100.0,851,NOTHING
02:27:05,ESX-FUTURE,3100.0,2574,3100.0,393,NOTHING
02:27:07,ESX-FUTURE,3102.0,53,3102.0,2914,NOTHING
02:27:08,ESX-FUTURE,3102.0,2926,3102.0,41,NOTHING
02:27:09,ESX-FUTURE,3102.0,1923,3102.0,1044,NOTHING
02:27:10,ESX-FUTURE,3101.0,765,3102.0,2202,NOTHING
02:27:12,ESX-FUTURE,3101.0,1572,3102.0,1395,NOTHING
02:27:13,ESX-FUTURE,3101.0,2099,3101.0,868,NOTHING
02:27:13,ESX-FUTURE,3101.0,1060,3101.0,1907,NOTHING
02:27:14,ESX-FUTURE,3101.0,1181,3101.0,1786,NOTHING
02:27:15,ESX-FUTURE,3101.0,2102,3101.0,865,NOTHING
02:27:15,ESX-FUTURE,3102.0,2900,3102.0,67,NOTHING
02:27:16,ESX-FUTURE,3102.0,2459,3102.0,508,NOTHING
02:27:17,ESX-FUTURE,3104.0,80,3104.0,2887,NOTHING
02:27:18,ESX-FUTURE,3104.0,2686,3104.0,281,NOTHING
02:27:20,ESX-FUTURE,3104.0,2688,3104.0,279,NOTHING
02:27:21,ESX-FUTURE,3104.0,2609,3104.0,358,NOTHING
02:27:23,ESX-FUTURE,3105.0,756,3105.0,2211,NOTHING
02:27:23,ESX-FUTURE,3105.0,36,3105.0,2931,NOTHING
02:27:24,ESX-FUTURE,3105.0,176,3106.0,2791,NOTHING
02:27:26,ESX-FUTURE,3105.0,1289,3105.0,1678,NOTHING
02:27:26,ESX-FUTURE,3105.0,504,3105.0,2463,NOTHING
02:27:28,ESX-FUTURE,3105.0,715,3105.0,2252,NOTHING
02:27:29,ESX-FUTURE,3105.0,371,3106.0,2596,NOTHING
02:27:31,ESX-FUTURE,3105.0,2257,3105.0,710,NOTHING
02:27:33,ESX-FUTURE,3105.0,2316,3105.0,651,NOTHING
02:27:34,ESX-FUTURE,3105.0,500,3106.0,2467,NOTHING
02:27:35,ESX-FUTURE,3105.0,2605,3106.0,362,NOTHING
02:27:35,ESX-FUTURE,3105.0,2654,3106.0,313,NOTHING
02:27:37,ESX-FUTURE,3105.0,2720,3106.0,247,NOTHING
02:27:38,ESX-FUTURE,3105.0,2778,3106.0,189,NOTHING
02:27:39,ESX-FUTURE,3105.0,2661,3106.0,306,NOTHING
02:27:40,ESX-FUTURE,3105.0,2463,3106.0,504,NOTHING
02:27:42,ESX-FUTURE,3105.0,2324,3106.0,643,NOTHING
02:27:42,ESX-FUTURE,3105.0,1965,3106.0,1002,NOTHING
02:27:44,ESX-FUTURE,3105.0,1851,3106.0,1116,NOTHING
02:27:45,ESX-FUTURE,3106.0,1880,3106.0,1087,NOTHING
02:27:47,ESX-FUTURE,3105.0,1485,3106.0,1482,NOTHING
02:27:48,ESX-FUTURE,3106.0,1788,3106.0,1179,NOTHING
02:27:48,ESX-FUTURE,3106.0,2162,3106.0,805,NOTHING
02:27:49,ESX-FUTURE,3106.0,1491,3106.0,1476,NOTHING
02:27:50,ESX-FUTURE,3106.0,1506,3107.0,1461,NOTHING
02:27:51,ESX-FUTURE,3107.0,1640,3107.0,1327,NOTHING
02:27:52,ESX-FUTURE,3107.0,2528,3107.0,439,NOTHING
02:27:52,ESX-FUTURE,3107.0,181,3107.0,2786,NOTHING
02:27:53,ESX-FUTURE,3107.0,607,3107.0,2360,NOTHING
02:27:54,ESX-FUTURE,3107.0,1920,3107.0,1047,NOTHING
02:27:56,ESX-FUTURE,3109.0,2827,3109.0,140,NOTHING
02:27:57,ESX-FUTURE,3109.0,2863,3109.0,104,NOTHING
02:27:58,ESX-FUTURE,3109.0,2296,3109.0,671,NOTHING
02:27:58,ESX-FUTURE,3110.0,471,3110.0,2496,NOTHING
02:28:00,ESX-FUTURE,3110.0,2909,3110.0,58,SELL
02:28:01,ESX-FUTURE,3110.0,1761,3110.0,1206,SELL
02:28:01,ESX-FUTURE,3110.0,2057,3110.0,910,SELL
02:28:03,ESX-FUTURE,3110.0,2529,3110.0,438,SELL
02:28:03,ESX-FUTURE,3110.0,106,3110.0,2861,SELL
02:28:05,ESX-FUTURE,3110.0,29,3110.0,2938,SELL
02:28:06,ESX-FUTURE,3110.0,29,3110.0,2938,SELL
02:28:06,ESX-FUTURE,3110.0,29,3110.0,2938,SELL
02:28:07,ESX-FUTURE,3110.0,30,3110.0,2937,SELL
02:28:08,ESX-FUTURE,3110.0,2896,3110.0,71,SELL
02:28:10,ESX-FUTURE,3110.0,2457,3110.0,510,SELL
02:28:10,ESX-FUTURE,3110.0,2941,3110.0,26,SELL
02:28:11,ESX-FUTURE,3110.0,2822,3110.0,145,SELL
02:28:12,ESX-FUTURE,3110.0,2818,3110.0,149,SELL
02:28:12,ESX-FUTURE,3110.0,2533,3110.0,434,SELL
02:28:14,ESX-FUTURE,3110.0,1162,3110.0,1805,SELL
02:28:14,ESX-FUTURE,3110.0,465,3110.0,2502,SELL
02:28:15,ESX-FUTURE,3110.0,480,3110.0,2487,SELL
02:28:16,ESX-FUTURE,3110.0,342,3111.0,2625,SELL
02:28:17,ESX-FUTURE,3110.0,1536,3111.0,1431,SELL
02:28:17,ESX-FUTURE,3110.0,2393,3111.0,574,SELL
02:28:18,ESX-FUTURE,3111.0,1449,3111.0,1518,SELL
02:28:19,ESX-FUTURE,3110.0,2481,3111.0,486,SELL
02:28:21,ESX-FUTURE,3110.0,2522,3111.0,445,SELL
02:28:22,ESX-FUTURE,3110.0,1616,3111.0,1351,SELL
02:28:23,ESX-FUTURE,3110.0,1260,3110.0,1707,SELL
02:28:24,ESX-FUTURE,3110.0,1349,3110.0,1618,SELL
02:28:25,ESX-FUTURE,3110.0,1046,3110.0,1921,SELL
02:28:26,ESX-FUTURE,3110.0,1410,3110.0,1557,SELL
02:28:27,ESX-FUTURE,3110.0,616,3111.0,2351,SELL
02:28:29,ESX-FUTURE,3110.0,156,3111.0,2811,SELL
02:28:30,ESX-FUTURE,3110.0,803,3110.0,2164,SELL
02:28:31,ESX-FUTURE,3110.0,2140,3111.0,827,SELL
02:28:31,ESX-FUTURE,3110.0,1363,3111.0,1604,SELL
02:28:33,ESX-FUTURE,3110.0,1364,3111.0,1603,SELL
02:28:34,ESX-FUTURE,3110.0,1364,3111.0,1603,SELL
02:28:35,ESX-FUTURE,3110.0,1783,3111.0,1184,SELL
02:28:36,ESX-FUTURE,3111.0,1903,3111.0,1064,SELL
02:28:37,ESX-FUTURE,3111.0,1890,3111.0,1077,SELL
02:28:38,ESX-FUTURE,3112.0,401,3112.0,2566,SELL
02:28:39,ESX-FUTURE,3112.0,2484,3112.0,483,SELL
02:28:40,ESX-FUTURE,3112.0,20,3112.0,2947,SELL
02:28:41,ESX-FUTURE,3112.0,1996,3112.0,971,SELL
02:28:41,ESX-FUTURE,3112.0,2798,3112.0,169,SELL
02:28:42,ESX-FUTURE,3112.0,2862,3112.0,105,SELL
02:28:43,ESX-FUTURE,3112.0,99,3112.0,2868,SELL
02:28:45,ESX-FUTURE,3112.0,1710,3112.0,1257,SELL
02:28:45,ESX-FUTURE,3113.0,2909,3113.0,58,SELL
02:28:47,ESX-FUTURE,3113.0,2549,3113.0,418,SELL
02:28:48,ESX-FUTURE,3113.0,2904,3113.0,63,SELL
02:28:50,ESX-FUTURE,3113.0,2746,3113.0,221,SELL
02:28:51,ESX-FUTURE,3113.0,2352,3113.0,615,SELL
02:28:52,ESX-FUTURE,3113.0,2363,3113.0,604,SELL
02:28:53,ESX-FUTURE,3113.0,1063,3113.0,1904,SELL
02:28:55,ESX-FUTURE,3113.0,2771,3113.0,196,SELL
02:28:56,ESX-FUTURE,3113.0,1079,3113.0,1888,SELL
02:28:57,ESX-FUTURE,3112.0,1967,3113.0,1000,SELL
02:28:59,ESX-FUTURE,3112.0,771,3113.0,2196,SELL
02:29:00,ESX-FUTURE,3111.0,1285,3111.0,1682,NOTHING
02:29:01,ESX-FUTURE,3111.0,1130,3111.0,1837,NOTHING
02:29:03,ESX-FUTURE,3111.0,1003,3111.0,1964,NOTHING
02:29:03,ESX-FUTURE,3111.0,1652,3111.0,1315,NOTHING
02:29:04,ESX-FUTURE,3111.0,863,3111.0,2104,NOTHING
02:29:05,ESX-FUTURE,3110.0,2452,3110.0,515,NOTHING
02:29:07,ESX-FUTURE,3111.0,9,3111.0,2958,NOTHING
02:29:08,ESX-FUTURE,3110.0,1484,3111.0,1483,NOTHING
02:29:08,ESX-FUTURE,3110.0,1853,3111.0,1114,NOTHING
02:29:09,ESX-FUTURE,3110.0,2883,3110.0,84,NOTHING
02:29:10,ESX-FUTURE,3111.0,834,3111.0,2133,NOTHING
02:29:10,ESX-FUTURE,3111.0,2740,3112.0,227,NOTHING
02:29:11,ESX-FUTURE,3111.0,2866,3112.0,101,NOTHING
02:29:11,ESX-FUTURE,3111.0,153,3112.0,2814,NOTHING
02:29:12,ESX-FUTURE,3112.0,1720,3112.0,1247,NOTHING
02:29:12,ESX-FUTURE,3111.0,2429,3112.0,538,NOTHING
02:29:13,ESX-FUTURE,3111.0,1471,3112.0,1496,NOTHING
02:29:14,ESX-FUTURE,3111.0,5,3112.0,2962,NOTHING
02:29:16,ESX-FUTURE,3111.0,2480,3111.0,487,NOTHING
02:29:17,ESX-FUTURE,3111.0,377,3111.0,2590,NOTHING
02:29:18,ESX-FUTURE,3111.0,98,3111.0,2869,NOTHING
02:29:20,ESX-FUTURE,3111.0,788,3111.0,2179,NOTHING
02:29:20,ESX-FUTURE,3111.0,1039,3111.0,1928,NOTHING
02:29:22,ESX-FUTURE,3111.0,245,3111.0,2722,NOTHING
02:29:24,ESX-FUTURE,3111.0,963,3112.0,2004,NOTHING
02:29:24,ESX-FUTURE,3111.0,1034,3112.0,1933,NOTHING
02:29:26,ESX-FUTURE,3111.0,1209,3112.0,1758,NOTHING
02:29:26,ESX-FUTURE,3111.0,1004,3112.0,1963,NOTHING
02:29:28,ESX-FUTURE,3111.0,5,3112.0,2962,NOTHING
02:29:30,ESX-FUTURE,3111.0,2763,3112.0,204,NOTHING
02:29:32,ESX-FUTURE,3111.0,2760,3112.0,207,NOTHING
02:29:33,ESX-FUTURE,3112.0,513,3112.0,2454,NOTHING
02:29:34,ESX-FUTURE,3111.0,1880,3112.0,1087,NOTHING
02:29:35,ESX-FUTURE,3111.0,2703,3111.0,264,NOTHING
02:29:36,ESX-FUTURE,3111.0,2868,3111.0,99,NOTHING
02:29:37,ESX-FUTURE,3111.0,2668,3111.0,299,NOTHING
02:29:38,ESX-FUTURE,3111.0,2771,3111.0,196,NOTHING
02:29:38,ESX-FUTURE,3109.0,147,3109.0,2820,NOTHING
02:29:40,ESX-FUTURE,3109.0,2444,3109.0,523,NOTHING
02:29:41,ESX-FUTURE,3109.0,166,3109.0,2801,NOTHING
02:29:42,ESX-FUTURE,3109.0,1185,3109.0,1782,NOTHING
02:29:42,ESX-FUTURE,3109.0,1312,3109.0,1655,NOTHING
02:29:43,ESX-FUTURE,3109.0,1612,3109.0,1355,NOTHING
02:29:45,ESX-FUTURE,3109.0,762,3109.0,2205,NOTHING
02:29:45,ESX-FUTURE,3109.0,631,3109.0,2336,NOTHING
02:29:46,ESX-FUTURE,3108.0,2811,3108.0,156,NOTHING
02:29:46,ESX-FUTURE,3108.0,1897,3108.0,1070,NOTHING
02:29:47,ESX-FUTURE,3108.0,225,3109.0,2742,NOTHING
02:29:47,ESX-FUTURE,3108.0,154,3109.0,2813,NOTHING
02:29:48,ESX-FUTURE,3108.0,463,3109.0,2504,NOTHING
02:29:49,ESX-FUTURE,3108.0,702,3109.0,2265,NOTHING
02:29:50,ESX-FUTURE,3108.0,456,3109.0,2511,NOTHING
02:29:51,ESX-FUTURE,3108.0,348,3108.0,2619,NOTHING
02:29:52,ESX-FUTURE,3108.0,216,3108.0,2751,NOTHING
02:29:53,ESX-FUTURE,3108.0,872,3108.0,2095,NOTHING
02:29:54,ESX-FUTURE,3108.0,461,3109.0,2506,NOTHING
02:29:55,ESX-FUTURE,3108.0,539,3109.0,2428,NOTHING
02:29:56,ESX-FUTURE,3108.0,251,3108.0,2716,NOTHING
02:29:58,ESX-FUTURE,3108.0,1932,3108.0,1035,NOTHING
02:29:59,ESX-FUTURE,3108.0,2840,3108.0,127,NOTHING
02:30:00,ESX-FUTURE,3108.0,1412,3108.0,1555,NOTHING
02:30:02,ESX-FUTURE,3108.0,397,3108.0,2570,NOTHING
02:30:02,ESX-FUTURE,3108.0,2606,3108.0,361,NOTHING
02:30:03,ESX-FUTURE,3108.0,2608,3108.0,359,NOTHING
02:30:03,ESX-FUTURE,3108.0,2447,3108.0,520,NOTHING
02:30:04,ESX-FUTURE,3108.0,2479,3108.0,488,NOTHING
02:30:05,ESX-FUTURE,3108.0,1026,3108.0,1941,NOTHING
02:30:05,ESX-FUTURE,3107.0,2298,3108.0,669,NOTHING
02:30:05,ESX-FUTURE,3107.0,2644,3107.0,323,NOTHING
02:30:07,ESX-FUTURE,3107.0,2689,3107.0,278,NOTHING
02:30:07,ESX-FUTURE,3107.0,2635,3107.0,332,NOTHING
02:30:08,ESX-FUTURE,3107.0,2308,3107.0,659,NOTHING
02:30:09,ESX-FUTURE,3107.0,2293,3107.0,674,NOTHING
02:30:09,ESX-FUTURE,3107.0,2825,3107.0,142,NOTHING
02:30:10,ESX-FUTURE,3107.0,2505,3108.0,462,NOTHING
02:30:11,ESX-FUTURE,3107.0,867,3108.0,2100,NOTHING
02:30:11,ESX-FUTURE,3107.0,2594,3107.0,373,NOTHING
02:30:12,ESX-FUTURE,3110.0,1416,3110.0,1551,NOTHING
02:30:13,ESX-FUTURE,3110.0,1447,3110.0,1520,NOTHING
02:30:15,ESX-FUTURE,3107.0,1555,3107.0,1412,NOTHING
02:30:16,ESX-FUTURE,3107.0,2353,3107.0,614,NOTHING
02:30:17,ESX-FUTURE,3107.0,2102,3107.0,865,NOTHING
02:30:18,ESX-FUTURE,3107.0,594,3107.0,2373,NOTHING
02:30:19,ESX-FUTURE,3107.0,2237,3107.0,730,NOTHING
02:30:20,ESX-FUTURE,3105.0,53,3105.0,2914,NOTHING
02:30:20,ESX-FUTURE,3104.0,2769,3104.0,198,NOTHING
02:30:22,ESX-FUTURE,3104.0,579,3104.0,2388,NOTHING
02:30:22,ESX-FUTURE,3104.0,1026,3104.0,1941,NOTHING
02:30:22,ESX-FUTURE,3104.0,1270,3104.0,1697,NOTHING
02:30:23,ESX-FUTURE,3104.0,1271,3104.0,1696,NOTHING
02:30:24,ESX-FUTURE,3104.0,1964,3104.0,1003,NOTHING
02:30:24,ESX-FUTURE,3104.0,2421,3104.0,546,NOTHING
02:30:26,ESX-FUTURE,3104.0,353,3104.0,2614,NOTHING
02:30:27,ESX-FUTURE,3104.0,2943,3104.0,24,NOTHING
02:30:28,ESX-FUTURE,3104.0,2905,3104.0,62,NOTHING
02:30:29,ESX-FUTURE,3104.0,2199,3105.0,768,NOTHING
02:30:29,ESX-FUTURE,3107.0,2655,3108.0,312,NOTHING
02:30:30,ESX-FUTURE,3107.0,2764,3108.0,203,NOTHING
02:30:31,ESX-FUTURE,3107.0,1543,3108.0,1424,NOTHING
02:30:32,ESX-FUTURE,3106.0,2057,3106.0,910,NOTHING
02:30:33,ESX-FUTURE,3106.0,1408,3106.0,1559,NOTHING
02:30:34,ESX-FUTURE,3105.0,2618,3105.0,349,NOTHING
02:30:35,ESX-FUTURE,3105.0,1716,3106.0,1251,NOTHING
02:30:37,ESX-FUTURE,3105.0,668,3105.0,2299,NOTHING
02:30:39,ESX-FUTURE,3104.0,2654,3105.0,313,NOTHING
02:30:39,ESX-FUTURE,3104.0,2707,3105.0,260,NOTHING
02:30:40,ESX-FUTURE,3104.0,2949,3105.0,18,NOTHING
02:30:42,ESX-FUTURE,3105.0,44,3105.0,2923,NOTHING
02:30:43,ESX-FUTURE,3105.0,363,3105.0,2604,NOTHING
02:30:44,ESX-FUTURE,3105.0,1210,3105.0,1757,NOTHING
02:30:44,ESX-FUTURE,3105.0,857,3105.0,2110,NOTHING
02:30:46,ESX-FUTURE,3105.0,2306,3106.0,661,NOTHING
02:30:47,ESX-FUTURE,3105.0,2905,3105.0,62,NOTHING
02:30:48,ESX-FUTURE,3105.0,313,3106.0,2654,NOTHING
02:30:49,ESX-FUTURE,3105.0,829,3106.0,2138,NOTHING
02:30:50,ESX-FUTURE,3105.0,1560,3106.0,1407,NOTHING
02:30:51,ESX-FUTURE,3105.0,2829,3106.0,138,NOTHING
02:30:51,ESX-FUTURE,3106.0,206,3106.0,2761,NOTHING
02:30:51,ESX-FUTURE,3106.0,948,3106.0,2019,NOTHING
02:30:52,ESX-FUTURE,3106.0,958,3106.0,2009,NOTHING
02:30:53,ESX-FUTURE,3106.0,938,3106.0,2029,NOTHING
02:30:54,ESX-FUTURE,3106.0,1021,3106.0,1946,NOTHING
02:30:56,ESX-FUTURE,3106.0,192,3106.0,2775,NOTHING
02:30:57,ESX-FUTURE,3106.0,368,3106.0,2599,NOTHING
02:30:59,ESX-FUTURE,3106.0,558,3106.0,2409,NOTHING
02:31:00,ESX-FUTURE,3106.0,534,3106.0,2433,NOTHING
02:31:00,ESX-FUTURE,3106.0,696,3106.0,2271,NOTHING
02:31:00,ESX-FUTURE,3106.0,1417,3106.0,1550,NOTHING
02:31:00,ESX-FUTURE,3106.0,1388,3106.0,1579,NOTHING
02:31:02,ESX-FUTURE,3106.0,1715,3106.0,1252,NOTHING
02:31:02,ESX-FUTURE,3106.0,301,3107.0,2666,NOTHING
02:31:03,ESX-FUTURE,3106.0,986,3107.0,1981,NOTHING
02:31:04,ESX-FUTURE,3106.0,805,3107.0,2162,NOTHING
02:31:04,ESX-FUTURE,3107.0,1786,3107.0,1181,NOTHING
02:31:05,ESX-FUTURE,3107.0,2283,3107.0,684,NOTHING
02:31:07,ESX-FUTURE,3107.0,1347,3107.0,1620,NOTHING
02:31:08,ESX-FUTURE,3106.0,703,3107.0,2264,NOTHING
02:31:09,ESX-FUTURE,3107.0,2924,3107.0,43,NOTHING
02:31:11,ESX-FUTURE,3106.0,1774,3106.0,1193,NOTHING
02:31:12,ESX-FUTURE,3107.0,330,3107.0,2637,NOTHING
02:31:13,ESX-FUTURE,3106.0,826,3106.0,2141,NOTHING
02:31:13,ESX-FUTURE,3107.0,1603,3108.0,1364,NOTHING
02:31:15,ESX-FUTURE,3107.0,1739,3108.0,1228,NOTHING
02:31:15,ESX-FUTURE,3107.0,1850,3108.0,1117,NOTHING
02:31:16,ESX-FUTURE,3107.0,1955,3107.0,1012,NOTHING
02:31:18,ESX-FUTURE,3107.0,2468,3107.0,499,NOTHING
02:31:19,ESX-FUTURE,3107.0,1215,3107.0,1752,NOTHING
02:31:20,ESX-FUTURE,3108.0,1896,3108.0,1071,NOTHING
02:31:20,ESX-FUTURE,3108.0,159,3108.0,2808,NOTHING
02:31:21,ESX-FUTURE,3108.0,730,3109.0,2237,NOTHING
02:31:23,ESX-FUTURE,3109.0,586,3109.0,2381,NOTHING
02:31:24,ESX-FUTURE,3109.0,1038,3109.0,1929,NOTHING
02:31:25,ESX-FUTURE,3108.0,2730,3109.0,237,NOTHING
02:31:26,ESX-FUTURE,3109.0,143,3109.0,2824,NOTHING
02:31:27,ESX-FUTURE,3108.0,1650,3108.0,1317,NOTHING
02:31:29,ESX-FUTURE,3109.0,966,3109.0,2001,NOTHING
02:31:30,ESX-FUTURE,3109.0,380,3109.0,2587,NOTHING
02:31:30,ESX-FUTURE,3108.0,2561,3108.0,406,NOTHING
02:31:31,ESX-FUTURE,3108.0,2592,3108.0,375,NOTHING
02:31:31,ESX-FUTURE,3108.0,2580,3108.0,387,NOTHING
02:31:32,ESX-FUTURE,3108.0,893,3108.0,2074,NOTHING
02:31:33,ESX-FUTURE,3108.0,583,3108.0,2384,NOTHING
02:31:34,ESX-FUTURE,3108.0,2035,3108.0,932,NOTHING
02:31:34,ESX-FUTURE,3108.0,950,3108.0,2017,NOTHING
02:31:36,ESX-FUTURE,3109.0,24,3109.0,2943,NOTHING
02:31:37,ESX-FUTURE,3109.0,133,3109.0,2834,NOTHING
02:31:37,ESX-FUTURE,3109.0,369,3109.0,2598,NOTHING
02:31:38,ESX-FUTURE,3109.0,473,3109.0,2494,NOTHING
02:31:40,ESX-FUTURE,3109.0,1561,3109.0,1406,NOTHING
02:31:40,ESX-FUTURE,3109.0,1500,3109.0,1467,NOTHING
02:31:41,ESX-FUTURE,3109.0,1432,3109.0,1535,NOTHING
02:31:43,ESX-FUTURE,3109.0,1548,3109.0,1419,NOTHING
02:31:44,ESX-FUTURE,3109.0,1863,3109.0,1104,NOTHING
02:31:45,ESX-FUTURE,3108.0,2796,3109.0,171,NOTHING
02:31:46,ESX-FUTURE,3108.0,2674,3109.0,293,NOTHING
02:31:47,ESX-FUTURE,3107.0,1338,3108.0,1629,NOTHING
02:31:48,ESX-FUTURE,3108.0,1407,3108.0,1560,NOTHING
02:31:49,ESX-FUTURE,3108.0,2744,3108.0,223,NOTHING
02:31:51,ESX-FUTURE,3108.0,1635,3109.0,1332,NOTHING
02:31:51,ESX-FUTURE,3109.0,891,3109.0,2076,NOTHING
02:31:52,ESX-FUTURE,3109.0,2813,3109.0,154,NOTHING
02:31:54,ESX-FUTURE,3109.0,2802,3109.0,165,NOTHING
02:31:55,ESX-FUTURE,3109.0,2610,3109.0,357,NOTHING
02:31:56,ESX-FUTURE,3109.0,858,3110.0,2109,NOTHING
02:31:56,ESX-FUTURE,3109.0,2910,3109.0,57,NOTHING
02:31:57,ESX-FUTURE,3109.0,2902,3109.0,65,NOTHING
02:31:58,ESX-FUTURE,3109.0,52,3110.0,2915,NOTHING
02:31:59,ESX-FUTURE,3109.0,1890,3109.0,1077,NOTHING
02:31:59,ESX-FUTURE,3109.0,2456,3110.0,511,NOTHING
02:32:00,ESX-FUTURE,3110.0,2341,3110.0,626,NOTHING
02:32:01,ESX-FUTURE,3110.0,1230,3110.0,1737,NOTHING
02:32:02,ESX-FUTURE,3110.0,1359,3110.0,1608,NOTHING
02:32:03,ESX-FUTURE,3110.0,1540,3110.0,1427,NOTHING
02:32:04,ESX-FUTURE,3110.0,723,3110.0,2244,NOTHING
02:32:06,ESX-FUTURE,3109.0,716,3110.0,2251,NOTHING
02:32:06,ESX-FUTURE,3109.0,512,3109.0,2455,NOTHING
02:32:07,ESX-FUTURE,3109.0,582,3109.0,2385,NOTHING
02:32:07,ESX-FUTURE,3109.0,95,3109.0,2872,NOTHING
02:32:08,ESX-FUTURE,3109.0,135,3109.0,2832,NOTHING
02:32:09,ESX-FUTURE,3111.0,2384,3111.0,583,NOTHING
02:32:10,ESX-FUTURE,3111.0,1369,3111.0,1598,NOTHING
02:32:11,ESX-FUTURE,3111.0,2485,3111.0,482,NOTHING
02:32:11,ESX-FUTURE,3111.0,2486,3111.0,481,NOTHING
02:32:13,ESX-FUTURE,3111.0,2760,3111.0,207,NOTHING
02:32:14,ESX-FUTURE,3111.0,344,3111.0,2623,NOTHING
02:32:16,ESX-FUTURE,3111.0,60,3111.0,2907,NOTHING
02:32:17,ESX-FUTURE,3111.0,2922,3111.0,45,NOTHING
02:32:18,ESX-FUTURE,3111.0,2568,3111.0,399,NOTHING
02:32:19,ESX-FUTURE,3111.0,1084,3111.0,1883,NOTHING
02:32:21,ESX-FUTURE,3111.0,355,3112.0,2612,NOTHING
02:32:22,ESX-FUTURE,3111.0,1962,3111.0,1005,NOTHING
02:32:23,ESX-FUTURE,3111.0,2044,3111.0,923,NOTHING
02:32:24,ESX-FUTURE,3111.0,2814,3111.0,153,NOTHING
02:32:25,ESX-FUTURE,3109.0,2664,3109.0,303,NOTHING
02:32:26,ESX-FUTURE,3109.0,2673,3109.0,294,NOTHING
02:32:27,ESX-FUTURE,3109.0,630,3109.0,2337,NOTHING
02:32:28,ESX-FUTURE,3109.0,1656,3110.0,1311,NOTHING
02:32:28,ESX-FUTURE,3110.0,786,3110.0,2181,NOTHING
02:32:29,ESX-FUTURE,3110.0,509,3110.0,2458,NOTHING
02:32:30,ESX-FUTURE,3110.0,2905,3110.0,62,NOTHING
02:32:31,ESX-FUTURE,3110.0,152,3110.0,2815,NOTHING
02:32:32,ESX-FUTURE,3110.0,50,3110.0,2917,NOTHING
02:32:34,ESX-FUTURE,3109.0,2477,3110.0,490,NOTHING
02:32:35,ESX-FUTURE,3109.0,2346,3110.0,621,NOTHING
02:32:36,ESX-FUTURE,3109.0,1192,3110.0,1775,NOTHING
02:32:37,ESX-FUTURE,3110.0,100,3110.0,2867,NOTHING
02:32:38,ESX-FUTURE,3109.0,2879,3110.0,88,NOTHING
02:32:40,ESX-FUTURE,3110.0,1144,3110.0,1823,NOTHING
02:32:41,ESX-FUTURE,3109.0,1993,3110.0,974,NOTHING
02:32:42,ESX-FUTURE,3109.0,1481,3110.0,1486,NOTHING
02:32:42,ESX-FUTURE,3109.0,1704,3109.0,1263,NOTHING
02:32:43,ESX-FUTURE,3109.0,1187,3109.0,1780,NOTHING
02:32:44,ESX-FUTURE,3109.0,802,3109.0,2165,NOTHING
02:32:45,ESX-FUTURE,3109.0,1487,3109.0,1480,NOTHING
02:32:46,ESX-FUTURE,3109.0,2090,3109.0,877,NOTHING
02:32:46,ESX-FUTURE,3110.0,339,3110.0,2628,NOTHING
02:32:47,ESX-FUTURE,3110.0,539,3110.0,2428,NOTHING
02:32:48,ESX-FUTURE,3110.0,2605,3110.0,362,NOTHING
02:32:48,ESX-FUTURE,3110.0,108,3111.0,2859,NOTHING
02:32:50,ESX-FUTURE,3110.0,2820,3110.0,147,NOTHING
02:32:51,ESX-FUTURE,3111.0,2277,3111.0,690,NOTHING
02:32:52,ESX-FUTURE,3111.0,1062,3111.0,1905,NOTHING
02:32:53,ESX-FUTURE,3110.0,1819,3110.0,1148,NOTHING
02:32:53,ESX-FUTURE,3110.0,1115,3110.0,1852,NOTHING
02:32:54,ESX-FUTURE,3110.0,2373,3110.0,594,NOTHING
02:32:55,ESX-FUTURE,3110.0,1531,3110.0,1436,NOTHING
02:32:56,ESX-FUTURE,3110.0,2607,3110.0,360,NOTHING
02:32:57,ESX-FUTURE,3110.0,2950,3111.0,17,NOTHING
02:32:58,ESX-FUTURE,3110.0,2560,3110.0,407,NOTHING
02:32:59,ESX-FUTURE,3110.0,542,3110.0,2425,NOTHING
02:33:01,ESX-FUTURE,3110.0,544,3110.0,2423,NOTHING
02:33:01,ESX-FUTURE,3109.0,1512,3110.0,1455,NOTHING
02:33:02,ESX-FUTURE,3113.0,997,3114.0,1970,NOTHING
02:33:03,ESX-FUTURE,3113.0,595,3113.0,2372,NOTHING
02:33:04,ESX-FUTURE,3113.0,595,3113.0,2372,NOTHING
02:33:06,ESX-FUTURE,3113.0,1505,3113.0,1462,NOTHING
02:33:06,ESX-FUTURE,3113.0,1769,3113.0,1198,NOTHING
02:33:07,ESX-FUTURE,3113.0,1872,3113.0,1095,NOTHING
02:33:09,ESX-FUTURE,3113.0,1892,3113.0,1075,NOTHING
02:33:10,ESX-FUTURE,3113.0,2191,3113.0,776,NOTHING
02:33:11,ESX-FUTURE,3113.0,2535,3113.0,432,NOTHING
02:33:12,ESX-FUTURE,3113.0,2084,3113.0,883,NOTHING
02:33:13,ESX-FUTURE,3113.0,1318,3113.0,1649,NOTHING
02:33:14,ESX-FUTURE,3113.0,2376,3114.0,591,NOTHING
02:33:16,ESX-FUTURE,3114.0,1476,3114.0,1491,NOTHING
02:33:16,ESX-FUTURE,3114.0,1958,3114.0,1009,NOTHING
02:33:17,ESX-FUTURE,3114.0,1943,3114.0,1024,NOTHING
02:33:17,ESX-FUTURE,3114.0,852,3114.0,2115,NOTHING
02:33:19,ESX-FUTURE,3114.0,2242,3114.0,725,NOTHING
02:33:20,ESX-FUTURE,3116.0,1655,3117.0,1312,NOTHING
02:33:21,ESX-FUTURE,3116.0,2808,3116.0,159,NOTHING
02:33:21,ESX-FUTURE,3116.0,1441,3116.0,1526,NOTHING
02:33:22,ESX-FUTURE,3116.0,418,3116.0,2549,NOTHING
02:33:23,ESX-FUTURE,3116.0,218,3116.0,2749,NOTHING
02:33:24,ESX-FUTURE,3116.0,391,3116.0,2576,NOTHING
02:33:26,ESX-FUTURE,3116.0,731,3116.0,2236,NOTHING
02:33:27,ESX-FUTURE,3116.0,875,3116.0,2092,NOTHING
02:33:27,ESX-FUTURE,3116.0,1935,3116.0,1032,NOTHING
02:33:29,ESX-FUTURE,3116.0,2905,3116.0,62,NOTHING
02:33:30,ESX-FUTURE,3116.0,2922,3116.0,45,NOTHING
02:33:31,ESX-FUTURE,3115.0,347,3116.0,2620,NOTHING
02:33:31,ESX-FUTURE,3115.0,2342,3115.0,625,NOTHING
02:33:32,ESX-FUTURE,3115.0,2628,3115.0,339,NOTHING
02:33:33,ESX-FUTURE,3115.0,321,3116.0,2646,NOTHING
02:33:34,ESX-FUTURE,3115.0,386,3116.0,2581,NOTHING
02:33:35,ESX-FUTURE,3115.0,379,3116.0,2588,NOTHING
02:33:36,ESX-FUTURE,3116.0,332,3116.0,2635,NOTHING
02:33:38,ESX-FUTURE,3116.0,333,3116.0,2634,NOTHING
02:33:38,ESX-FUTURE,3116.0,81,3116.0,2886,NOTHING
02:33:39,ESX-FUTURE,3116.0,949,3116.0,2018,NOTHING
02:33:40,ESX-FUTURE,3116.0,896,3116.0,2071,NOTHING
02:33:42,ESX-FUTURE,3116.0,897,3116.0,2070,NOTHING
02:33:42,ESX-FUTURE,3116.0,2900,3116.0,67,NOTHING
02:33:44,ESX-FUTURE,3116.0,107,3116.0,2860,NOTHING
02:33:45,ESX-FUTURE,3115.0,2351,3116.0,616,NOTHING
02:33:46,ESX-FUTURE,3116.0,769,3117.0,2198,NOTHING
02:33:48,ESX-FUTURE,3116.0,2601,3116.0,366,NOTHING
02:33:49,ESX-FUTURE,3116.0,1573,3116.0,1394,NOTHING
02:33:50,ESX-FUTURE,3112.0,1669,3112.0,1298,NOTHING
02:33:51,ESX-FUTURE,3112.0,1900,3112.0,1067,NOTHING
02:33:52,ESX-FUTURE,3112.0,1529,3112.0,1438,NOTHING
02:33:54,ESX-FUTURE,3111.0,2266,3111.0,701,NOTHING
02:33:56,ESX-FUTURE,3109.0,1920,3109.0,1047,NOTHING
02:33:57,ESX-FUTURE,3109.0,147,3109.0,2820,NOTHING
02:33:57,ESX-FUTURE,3109.0,1188,3109.0,1779,NOTHING
02:33:59,ESX-FUTURE,3109.0,1151,3109.0,1816,NOTHING
02:34:00,ESX-FUTURE,3109.0,1140,3109.0,1827,NOTHING
02:34:01,ESX-FUTURE,3109.0,872,3109.0,2095,NOTHING
02:34:02,ESX-FUTURE,3109.0,1559,3109.0,1408,NOTHING
02:34:03,ESX-FUTURE,3109.0,271,3109.0,2696,NOTHING
02:34:05,ESX-FUTURE,3109.0,196,3109.0,2771,NOTHING
02:34:06,ESX-FUTURE,3108.0,1561,3108.0,1406,NOTHING
02:34:06,ESX-FUTURE,3108.0,1865,3108.0,1102,NOTHING
02:34:07,ESX-FUTURE,3108.0,1466,3108.0,1501,NOTHING
02:34:08,ESX-FUTURE,3108.0,693,3108.0,2274,NOTHING
02:34:10,ESX-FUTURE,3108.0,2590,3108.0,377,NOTHING
02:34:11,ESX-FUTURE,3108.0,2788,3108.0,179,NOTHING
02:34:11,ESX-FUTURE,3108.0,1296,3109.0,1671,NOTHING
02:34:13,ESX-FUTURE,3108.0,2205,3109.0,762,NOTHING
02:34:14,ESX-FUTURE,3108.0,664,3108.0,2303,NOTHING
02:34:14,ESX-FUTURE,3107.0,554,3108.0,2413,NOTHING
02:34:15,ESX-FUTURE,3108.0,295,3108.0,2672,NOTHING
02:34:16,ESX-FUTURE,3110.0,2197,3111.0,770,NOTHING
02:34:18,ESX-FUTURE,3111.0,985,3111.0,1982,NOTHING
02:34:19,ESX-FUTURE,3115.0,77,3115.0,2890,NOTHING
02:34:20,ESX-FUTURE,3115.0,2885,3115.0,82,NOTHING
02:34:21,ESX-FUTURE,3115.0,2021,3115.0,946,NOTHING
02:34:24,ESX-FUTURE,3115.0,2307,3115.0,660,NOTHING
02:34:25,ESX-FUTURE,3115.0,2305,3115.0,662,NOTHING
02:34:25,ESX-FUTURE,3115.0,2528,3115.0,439,NOTHING
02:34:26,ESX-FUTURE,3115.0,2600,3115.0,367,NOTHING
02:34:27,ESX-FUTURE,3115.0,2655,3115.0,312,NOTHING
02:34:28,ESX-FUTURE,3115.0,2803,3115.0,164,NOTHING
02:34:29,ESX-FUTURE,3111.0,2937,3111.0,30,NOTHING
02:34:30,ESX-FUTURE,3111.0,2643,3111.0,324,NOTHING
02:34:31,ESX-FUTURE,3111.0,2749,3111.0,218,NOTHING
02:34:31,ESX-FUTURE,3111.0,2914,3111.0,53,NOTHING
02:34:33,ESX-FUTURE,3111.0,2410,3111.0,557,NOTHING
02:34:34,ESX-FUTURE,3110.0,1220,3111.0,1747,NOTHING
02:34:34,ESX-FUTURE,3110.0,1217,3111.0,1750,NOTHING
02:34:35,ESX-FUTURE,3110.0,1067,3111.0,1900,NOTHING
02:34:37,ESX-FUTURE,3110.0,78,3111.0,2889,NOTHING
02:34:38,ESX-FUTURE,3110.0,225,3111.0,2742,NOTHING
02:34:39,ESX-FUTURE,3110.0,2314,3110.0,653,NOTHING
02:34:41,ESX-FUTURE,3111.0,2936,3111.0,31,NOTHING
02:34:42,ESX-FUTURE,3111.0,145,3111.0,2822,NOTHING
02:34:43,ESX-FUTURE,3110.0,400,3110.0,2567,NOTHING
02:34:44,ESX-FUTURE,3110.0,79,3110.0,2888,NOTHING
02:34:45,ESX-FUTURE,3110.0,1798,3110.0,1169,NOTHING
02:34:46,ESX-FUTURE,3110.0,759,3110.0,2208,NOTHING
02:34:48,ESX-FUTURE,3110.0,1647,3110.0,1320,NOTHING
02:34:48,ESX-FUTURE,3110.0,697,3110.0,2270,NOTHING
02:34:49,ESX-FUTURE,3110.0,594,3110.0,2373,NOTHING
02:34:50,ESX-FUTURE,3110.0,1773,3111.0,1194,NOTHING
02:34:52,ESX-FUTURE,3110.0,46,3110.0,2921,NOTHING
02:34:54,ESX-FUTURE,3110.0,111,3110.0,2856,NOTHING
02:34:54,ESX-FUTURE,3110.0,1471,3110.0,1496,NOTHING
02:34:55,ESX-FUTURE,3109.0,442,3109.0,2525,NOTHING
02:34:56,ESX-FUTURE,3110.0,270,3110.0,2697,NOTHING
02:34:58,ESX-FUTURE,3110.0,582,3110.0,2385,NOTHING
02:34:58,ESX-FUTURE,3110.0,290,3111.0,2677,NOTHING
02:35:00,ESX-FUTURE,3110.0,2469,3111.0,498,NOTHING
02:35:01,ESX-FUTURE,3108.0,545,3108.0,2422,NOTHING
02:35:02,ESX-FUTURE,3107.0,1965,3107.0,1002,NOTHING
02:35:03,ESX-FUTURE,3107.0,1358,3108.0,1609,NOTHING
02:35:04,ESX-FUTURE,3107.0,1673,3108.0,1294,NOTHING
02:35:05,ESX-FUTURE,3107.0,2707,3107.0,260,NOTHING
02:35:06,ESX-FUTURE,3107.0,1391,3108.0,1576,NOTHING
02:35:07,ESX-FUTURE,3107.0,1338,3108.0,1629,NOTHING
02:35:08,ESX-FUTURE,3108.0,496,3108.0,2471,NOTHING
02:35:09,ESX-FUTURE,3106.0,1450,3107.0,1517,NOTHING
02:35:09,ESX-FUTURE,3107.0,1717,3107.0,1250,NOTHING
02:35:11,ESX-FUTURE,3107.0,1025,3107.0,1942,NOTHING
02:35:13,ESX-FUTURE,3107.0,978,3107.0,1989,NOTHING
02:35:13,ESX-FUTURE,3106.0,2566,3107.0,401,NOTHING
02:35:14,ESX-FUTURE,3107.0,1172,3107.0,1795,NOTHING
02:35:15,ESX-FUTURE,3107.0,1167,3107.0,1800,NOTHING
02:35:16,ESX-FUTURE,3107.0,842,3107.0,2125,NOTHING
02:35:17,ESX-FUTURE,3106.0,2091,3106.0,876,NOTHING
02:35:18,ESX-FUTURE,3106.0,2102,3106.0,865,NOTHING
02:35:19,ESX-FUTURE,3106.0,2098,3106.0,869,NOTHING
02:35:19,ESX-FUTURE,3106.0,2065,3106.0,902,NOTHING
02:35:21,ESX-FUTURE,3106.0,2124,3106.0,843,NOTHING
02:35:22,ESX-FUTURE,3106.0,2657,3106.0,310,NOTHING
02:35:24,ESX-FUTURE,3106.0,2751,3106.0,216,NOTHING
02:35:25,ESX-FUTURE,3106.0,896,3106.0,2071,NOTHING
02:35:25,ESX-FUTURE,3106.0,2657,3106.0,310,NOTHING
02:35:26,ESX-FUTURE,3106.0,35,3106.0,2932,NOTHING
02:35:27,ESX-FUTURE,3106.0,217,3106.0,2750,NOTHING
02:35:28,ESX-FUTURE,3106.0,2252,3106.0,715,NOTHING
02:35:29,ESX-FUTURE,3106.0,1274,3106.0,1693,NOTHING
02:35:30,ESX-FUTURE,3106.0,1853,3106.0,1114,NOTHING
02:35:31,ESX-FUTURE,3104.0,2577,3104.0,390,NOTHING
02:35:32,ESX-FUTURE,3104.0,1351,3105.0,1616,NOTHING
02:35:33,ESX-FUTURE,3104.0,1371,3105.0,1596,NOTHING
02:35:34,ESX-FUTURE,3104.0,1385,3105.0,1582,NOTHING
02:35:35,ESX-FUTURE,3104.0,1432,3105.0,1535,NOTHING
02:35:36,ESX-FUTURE,3104.0,1441,3105.0,1526,NOTHING
02:35:38,ESX-FUTURE,3104.0,2515,3104.0,452,NOTHING
02:35:38,ESX-FUTURE,3104.0,2516,3104.0,451,NOTHING
02:35:39,ESX-FUTURE,3104.0,1380,3104.0,1587,NOTHING
02:35:40,ESX-FUTURE,3104.0,2306,3104.0,661,NOTHING
02:35:42,ESX-FUTURE,3104.0,798,3104.0,2169,NOTHING
02:35:43,ESX-FUTURE,3104.0,836,3104.0,2131,NOTHING
02:35:44,ESX-FUTURE,3104.0,1006,3104.0,1961,NOTHING
02:35:44,ESX-FUTURE,3104.0,350,3104.0,2617,NOTHING
02:35:45,ESX-FUTURE,3104.0,2204,3104.0,763,NOTHING
02:35:46,ESX-FUTURE,3104.0,2204,3104.0,763,NOTHING
02:35:46,ESX-FUTURE,3104.0,2193,3104.0,774,NOTHING
02:35:48,ESX-FUTURE,3104.0,2668,3104.0,299,NOTHING
02:35:50,ESX-FUTURE,3104.0,1319,3104.0,1648,NOTHING
02:35:51,ESX-FUTURE,3104.0,827,3104.0,2140,NOTHING
02:35:52,ESX-FUTURE,3104.0,1192,3104.0,1775,NOTHING
02:35:52,ESX-FUTURE,3104.0,1143,3104.0,1824,NOTHING
02:35:54,ESX-FUTURE,3102.0,181,3102.0,2786,NOTHING
02:35:55,ESX-FUTURE,3102.0,794,3102.0,2173,NOTHING
02:35:55,ESX-FUTURE,3102.0,2282,3102.0,685,NOTHING
02:35:55,ESX-FUTURE,3102.0,2592,3102.0,375,NOTHING
02:35:57,ESX-FUTURE,3101.0,2206,3102.0,761,NOTHING
02:35:58,ESX-FUTURE,3102.0,1417,3102.0,1550,NOTHING
02:35:59,ESX-FUTURE,3102.0,1314,3102.0,1653,NOTHING
02:35:59,ESX-FUTURE,3102.0,675,3102.0,2292,NOTHING
02:36:00,ESX-FUTURE,3102.0,2513,3102.0,454,NOTHING
02:36:01,ESX-FUTURE,3102.0,1261,3102.0,1706,NOTHING
02:36:02,ESX-FUTURE,3102.0,1843,3102.0,1124,NOTHING
02:36:04,ESX-FUTURE,3102.0,949,3102.0,2018,NOTHING
02:36:05,ESX-FUTURE,3102.0,761,3103.0,2206,NOTHING
02:36:06,ESX-FUTURE,3102.0,549,3102.0,2418,NOTHING
02:36:06,ESX-FUTURE,3102.0,2695,3102.0,272,NOTHING
02:36:07,ESX-FUTURE,3103.0,1490,3103.0,1477,NOTHING
02:36:08,ESX-FUTURE,3103.0,1587,3103.0,1380,NOTHING
02:36:10,ESX-FUTURE,3103.0,721,3103.0,2246,NOTHING
02:36:11,ESX-FUTURE,3103.0,766,3103.0,2201,NOTHING
02:36:11,ESX-FUTURE,3104.0,1489,3104.0,1478,NOTHING
02:36:12,ESX-FUTURE,3104.0,1704,3104.0,1263,NOTHING
02:36:14,ESX-FUTURE,3104.0,745,3104.0,2222,NOTHING
02:36:15,ESX-FUTURE,3104.0,719,3104.0,2248,NOTHING
02:36:16,ESX-FUTURE,3104.0,727,3104.0,2240,NOTHING
02:36:17,ESX-FUTURE,3104.0,865,3104.0,2102,NOTHING
02:36:18,ESX-FUTURE,3104.0,822,3104.0,2145,NOTHING
02:36:20,ESX-FUTURE,3104.0,932,3104.0,2035,NOTHING
02:36:21,ESX-FUTURE,3104.0,2093,3104.0,874,NOTHING
02:36:21,ESX-FUTURE,3104.0,493,3104.0,2474,NOTHING
02:36:22,ESX-FUTURE,3104.0,53,3104.0,2914,NOTHING
02:36:22,ESX-FUTURE,3104.0,2243,3104.0,724,NOTHING
02:36:23,ESX-FUTURE,3104.0,2315,3104.0,652,NOTHING
02:36:24,ESX-FUTURE,3104.0,2174,3105.0,793,NOTHING
02:36:24,ESX-FUTURE,3104.0,2214,3105.0,753,NOTHING
02:36:25,ESX-FUTURE,3105.0,2061,3105.0,906,NOTHING
02:36:26,ESX-FUTURE,3105.0,610,3105.0,2357,NOTHING
02:36:27,ESX-FUTURE,3105.0,2963,3105.0,4,NOTHING
02:36:28,ESX-FUTURE,3105.0,236,3105.0,2731,NOTHING
02:36:29,ESX-FUTURE,3105.0,488,3105.0,2479,NOTHING
02:36:30,ESX-FUTURE,3104.0,2209,3105.0,758,NOTHING
02:36:31,ESX-FUTURE,3104.0,2069,3105.0,898,NOTHING
02:36:32,ESX-FUTURE,3104.0,2132,3105.0,835,NOTHING
02:36:33,ESX-FUTURE,3105.0,1495,3105.0,1472,NOTHING
02:36:34,ESX-FUTURE,3105.0,1771,3105.0,1196,NOTHING
02:36:36,ESX-FUTURE,3104.0,2706,3105.0,261,NOTHING
02:36:37,ESX-FUTURE,3104.0,2440,3105.0,527,NOTHING
02:36:38,ESX-FUTURE,3102.0,2522,3102.0,445,NOTHING
02:36:39,ESX-FUTURE,3102.0,2949,3102.0,18,NOTHING
02:36:39,ESX-FUTURE,3102.0,2791,3102.0,176,NOTHING
02:36:40,ESX-FUTURE,3102.0,2967,3102.0,2,NOTHING
02:36:41,ESX-FUTURE,3102.0,1760,3102.0,1209,NOTHING
02:36:41,ESX-FUTURE,3102.0,1464,3102.0,1505,NOTHING
02:36:42,ESX-FUTURE,3103.0,721,3103.0,2248,NOTHING
02:36:43,ESX-FUTURE,3103.0,165,3103.0,2804,NOTHING
02:36:44,ESX-FUTURE,3103.0,225,3103.0,2744,NOTHING
02:36:45,ESX-FUTURE,3103.0,1043,3103.0,1926,NOTHING
02:36:46,ESX-FUTURE,3103.0,1176,3103.0,1793,NOTHING
02:36:48,ESX-FUTURE,3101.0,1219,3102.0,1750,NOTHING
02:36:48,ESX-FUTURE,3101.0,820,3101.0,2149,NOTHING
02:36:49,ESX-FUTURE,3101.0,853,3101.0,2116,NOTHING
02:36:49,ESX-FUTURE,3101.0,727,3101.0,2242,NOTHING
02:36:51,ESX-FUTURE,3101.0,146,3101.0,2823,NOTHING
02:36:52,ESX-FUTURE,3102.0,2014,3103.0,955,NOTHING
02:36:53,ESX-FUTURE,3103.0,699,3103.0,2270,NOTHING
02:36:53,ESX-FUTURE,3103.0,1425,3103.0,1544,NOTHING
02:36:53,ESX-FUTURE,3104.0,1858,3104.0,1111,NOTHING
02:36:55,ESX-FUTURE,3104.0,2742,3104.0,227,NOTHING
02:36:56,ESX-FUTURE,3104.0,1808,3104.0,1161,NOTHING
02:36:56,ESX-FUTURE,3104.0,257,3105.0,2712,NOTHING
02:36:56,ESX-FUTURE,3104.0,2952,3104.0,17,NOTHING
02:36:57,ESX-FUTURE,3105.0,2485,3105.0,484,NOTHING
02:36:58,ESX-FUTURE,3105.0,2664,3105.0,305,NOTHING
02:36:58,ESX-FUTURE,3105.0,2631,3105.0,338,NOTHING
02:36:59,ESX-FUTURE,3105.0,2532,3105.0,437,NOTHING
02:37:01,ESX-FUTURE,3105.0,1495,3105.0,1474,NOTHING
02:37:02,ESX-FUTURE,3105.0,2773,3105.0,196,NOTHING
02:37:03,ESX-FUTURE,3105.0,2879,3105.0,90,NOTHING
02:37:05,ESX-FUTURE,3105.0,1522,3105.0,1447,NOTHING
02:37:07,ESX-FUTURE,3104.0,1969,3105.0,1000,NOTHING
02:37:08,ESX-FUTURE,3105.0,2395,3105.0,574,NOTHING
02:37:09,ESX-FUTURE,3104.0,176,3105.0,2793,NOTHING
02:37:10,ESX-FUTURE,3104.0,34,3105.0,2935,NOTHING
02:37:10,ESX-FUTURE,3104.0,1505,3104.0,1464,NOTHING
02:37:11,ESX-FUTURE,3104.0,1556,3104.0,1413,NOTHING
02:37:12,ESX-FUTURE,3103.0,1872,3103.0,1097,NOTHING
02:37:13,ESX-FUTURE,3103.0,2012,3103.0,957,NOTHING
02:37:15,ESX-FUTURE,3103.0,556,3103.0,2413,NOTHING
02:37:15,ESX-FUTURE,3103.0,2476,3103.0,493,NOTHING
02:37:17,ESX-FUTURE,3102.0,2634,3103.0,335,NOTHING
02:37:18,ESX-FUTURE,3102.0,209,3103.0,2760,NOTHING
02:37:20,ESX-FUTURE,3102.0,301,3103.0,2668,NOTHING
02:37:21,ESX-FUTURE,3102.0,2865,3103.0,104,NOTHING
02:37:22,ESX-FUTURE,3102.0,2785,3103.0,184,NOTHING
02:37:23,ESX-FUTURE,3102.0,2554,3103.0,415,NOTHING
02:37:24,ESX-FUTURE,3102.0,217,3103.0,2752,NOTHING
02:37:26,ESX-FUTURE,3102.0,1827,3102.0,1142,NOTHING
02:37:27,ESX-FUTURE,3102.0,1462,3102.0,1507,NOTHING
02:37:28,ESX-FUTURE,3102.0,2281,3102.0,688,NOTHING
02:37:29,ESX-FUTURE,3102.0,2356,3102.0,613,NOTHING
02:37:30,ESX-FUTURE,3102.0,2253,3102.0,716,NOTHING
02:37:32,ESX-FUTURE,3102.0,2254,3102.0,715,NOTHING
02:37:33,ESX-FUTURE,3101.0,2190,3102.0,779,NOTHING
02:37:34,ESX-FUTURE,3102.0,822,3102.0,2147,NOTHING
02:37:35,ESX-FUTURE,3101.0,2217,3101.0,752,NOTHING
02:37:37,ESX-FUTURE,3101.0,1771,3101.0,1198,NOTHING
02:37:37,ESX-FUTURE,3101.0,2501,3102.0,468,NOTHING
02:37:38,ESX-FUTURE,3101.0,115,3102.0,2854,NOTHING
02:37:40,ESX-FUTURE,3100.0,1929,3101.0,1040,NOTHING
02:37:40,ESX-FUTURE,3100.0,2061,3101.0,908,NOTHING
02:37:42,ESX-FUTURE,3100.0,1975,3101.0,994,NOTHING
02:37:43,ESX-FUTURE,3100.0,1982,3101.0,987,NOTHING
02:37:43,ESX-FUTURE,3100.0,1980,3101.0,989,NOTHING
02:37:44,ESX-FUTURE,3100.0,2024,3101.0,945,NOTHING
02:37:45,ESX-FUTURE,3100.0,2082,3101.0,887,NOTHING
02:37:45,ESX-FUTURE,3097.0,2378,3098.0,591,NOTHING
02:37:47,ESX-FUTURE,3097.0,1981,3098.0,988,NOTHING
02:37:47,ESX-FUTURE,3097.0,1908,3098.0,1061,NOTHING
02:37:48,ESX-FUTURE,3098.0,2223,3098.0,746,NOTHING
02:37:50,ESX-FUTURE,3098.0,2248,3098.0,721,NOTHING
02:37:51,ESX-FUTURE,3098.0,2830,3098.0,139,NOTHING
02:37:51,ESX-FUTURE,3098.0,521,3098.0,2448,NOTHING
02:37:51,ESX-FUTURE,3097.0,1479,3098.0,1490,NOTHING
02:37:52,ESX-FUTURE,3097.0,1607,3097.0,1362,NOTHING
02:37:53,ESX-FUTURE,3097.0,1457,3098.0,1512,NOTHING
02:37:54,ESX-FUTURE,3098.0,199,3098.0,2770,NOTHING
02:37:55,ESX-FUTURE,3097.0,341,3098.0,2628,NOTHING
02:37:56,ESX-FUTURE,3097.0,19,3098.0,2950,NOTHING
02:37:56,ESX-FUTURE,3097.0,1180,3097.0,1789,NOTHING
02:37:58,ESX-FUTURE,3097.0,1378,3097.0,1591,NOTHING
02:37:58,ESX-FUTURE,3097.0,1698,3097.0,1271,NOTHING
02:37:59,ESX-FUTURE,3096.0,591,3096.0,2378,NOTHING
02:37:59,ESX-FUTURE,3096.0,654,3096.0,2315,NOTHING
02:38:01,ESX-FUTURE,3096.0,2845,3096.0,124,BUY
02:38:02,ESX-FUTURE,3096.0,2822,3096.0,147,BUY
02:38:03,ESX-FUTURE,3096.0,11,3097.0,2958,BUY
02:38:04,ESX-FUTURE,3096.0,149,3097.0,2820,BUY
02:38:04,ESX-FUTURE,3095.0,1756,3096.0,1213,BUY
02:38:05,ESX-FUTURE,3095.0,1829,3095.0,1140,BUY
02:38:06,ESX-FUTURE,3095.0,2855,3095.0,114,BUY
02:38:08,ESX-FUTURE,3095.0,1799,3095.0,1170,BUY
02:38:09,ESX-FUTURE,3095.0,1131,3095.0,1838,BUY
02:38:11,ESX-FUTURE,3095.0,2063,3095.0,906,BUY
02:38:11,ESX-FUTURE,3095.0,2042,3095.0,927,BUY
02:38:12,ESX-FUTURE,3095.0,762,3095.0,2207,BUY
02:38:14,ESX-FUTURE,3095.0,297,3095.0,2672,BUY
02:38:15,ESX-FUTURE,3095.0,1978,3095.0,991,BUY
02:38:17,ESX-FUTURE,3094.0,2277,3094.0,692,BUY
02:38:18,ESX-FUTURE,3094.0,1967,3094.0,1002,BUY
02:38:20,ESX-FUTURE,3094.0,468,3095.0,2501,BUY
02:38:20,ESX-FUTURE,3094.0,845,3095.0,2124,BUY
02:38:22,ESX-FUTURE,3094.0,1008,3095.0,1961,BUY
02:38:23,ESX-FUTURE,3095.0,79,3095.0,2890,BUY
02:38:24,ESX-FUTURE,3095.0,337,3095.0,2632,BUY
02:38:25,ESX-FUTURE,3095.0,2685,3095.0,284,BUY
02:38:25,ESX-FUTURE,3095.0,1369,3095.0,1600,BUY
02:38:26,ESX-FUTURE,3095.0,17,3095.0,2952,BUY
02:38:27,ESX-FUTURE,3096.0,543,3096.0,2426,BUY
02:38:29,ESX-FUTURE,3096.0,2441,3096.0,528,BUY
02:38:30,ESX-FUTURE,3096.0,1161,3096.0,1808,BUY
02:38:31,ESX-FUTURE,3096.0,1172,3096.0,1797,BUY
02:38:33,ESX-FUTURE,3096.0,1587,3096.0,1382,BUY
02:38:35,ESX-FUTURE,3096.0,178,3096.0,2791,BUY
02:38:36,ESX-FUTURE,3096.0,1596,3097.0,1373,BUY
02:38:37,ESX-FUTURE,3096.0,275,3096.0,2694,BUY
02:38:38,ESX-FUTURE,3096.0,2547,3096.0,422,BUY
02:38:39,ESX-FUTURE,3095.0,2905,3095.0,64,BUY
02:38:40,ESX-FUTURE,3095.0,2742,3095.0,227,BUY
02:38:41,ESX-FUTURE,3095.0,987,3095.0,1982,BUY
02:38:42,ESX-FUTURE,3095.0,2562,3095.0,407,BUY
02:38:43,ESX-FUTURE,3095.0,2507,3095.0,462,BUY
02:38:44,ESX-FUTURE,3095.0,2734,3096.0,235,BUY
02:38:46,ESX-FUTURE,3096.0,2303,3096.0,666,BUY
02:38:47,ESX-FUTURE,3096.0,2684,3096.0,285,BUY
02:38:48,ESX-FUTURE,3096.0,2686,3096.0,283,BUY
02:38:51,ESX-FUTURE,3096.0,2709,3096.0,260,BUY
02:38:52,ESX-FUTURE,3096.0,340,3096.0,2629,BUY
02:38:53,ESX-FUTURE,3096.0,340,3096.0,2629,BUY
02:38:54,ESX-FUTURE,3096.0,1357,3096.0,1612,BUY
02:38:54,ESX-FUTURE,3096.0,2479,3096.0,490,BUY
02:38:55,ESX-FUTURE,3095.0,2284,3096.0,685,BUY
02:38:56,ESX-FUTURE,3095.0,883,3096.0,2086,BUY
02:38:57,ESX-FUTURE,3095.0,628,3096.0,2341,BUY
02:38:59,ESX-FUTURE,3096.0,2456,3096.0,513,BUY
02:39:00,ESX-FUTURE,3096.0,50,3096.0,2919,NOTHING
02:39:02,ESX-FUTURE,3096.0,1023,3096.0,1946,NOTHING
02:39:03,ESX-FUTURE,3097.0,1794,3097.0,1175,NOTHING
02:39:04,ESX-FUTURE,3097.0,34,3097.0,2935,NOTHING
02:39:05,ESX-FUTURE,3097.0,29,3097.0,2940,NOTHING
02:39:07,ESX-FUTURE,3096.0,149,3097.0,2820,NOTHING
02:39:08,ESX-FUTURE,3096.0,88,3097.0,2881,NOTHING
02:39:09,ESX-FUTURE,3096.0,18,3096.0,2951,NOTHING
02:39:10,ESX-FUTURE,3096.0,2831,3096.0,138,NOTHING
02:39:10,ESX-FUTURE,3096.0,2878,3096.0,91,NOTHING
02:39:10,ESX-FUTURE,3096.0,191,3096.0,2778,NOTHING
02:39:11,ESX-FUTURE,3097.0,941,3097.0,2028,NOTHING
02:39:13,ESX-FUTURE,3097.0,1183,3097.0,1786,NOTHING
02:39:14,ESX-FUTURE,3097.0,1395,3097.0,1574,NOTHING
02:39:15,ESX-FUTURE,3097.0,818,3097.0,2151,NOTHING
02:39:15,ESX-FUTURE,3097.0,2958,3097.0,11,NOTHING
02:39:17,ESX-FUTURE,3097.0,1047,3097.0,1922,NOTHING
02:39:18,ESX-FUTURE,3097.0,884,3097.0,2085,NOTHING
02:39:19,ESX-FUTURE,3097.0,631,3098.0,2338,NOTHING
02:39:20,ESX-FUTURE,3097.0,228,3098.0,2741,NOTHING
02:39:21,ESX-FUTURE,3097.0,228,3098.0,2741,NOTHING
02:39:21,ESX-FUTURE,3097.0,228,3098.0,2741,NOTHING
02:39:22,ESX-FUTURE,3097.0,227,3098.0,2742,NOTHING
02:39:22,ESX-FUTURE,3097.0,190,3098.0,2779,NOTHING
02:39:22,ESX-FUTURE,3097.0,195,3098.0,2774,NOTHING
02:39:23,ESX-FUTURE,3097.0,697,3098.0,2272,NOTHING
02:39:24,ESX-FUTURE,3097.0,755,3098.0,2214,NOTHING
02:39:26,ESX-FUTURE,3097.0,1188,3098.0,1781,NOTHING
02:39:27,ESX-FUTURE,3099.0,1635,3099.0,1334,NOTHING
02:39:28,ESX-FUTURE,3099.0,930,3099.0,2039,NOTHING
02:39:29,ESX-FUTURE,3099.0,821,3099.0,2148,NOTHING
02:39:30,ESX-FUTURE,3099.0,533,3099.0,2436,NOTHING
02:39:30,ESX-FUTURE,3099.0,533,3099.0,2436,NOTHING
02:39:31,ESX-FUTURE,3099.0,536,3099.0,2433,NOTHING
02:39:33,ESX-FUTURE,3100.0,652,3100.0,2317,NOTHING
02:39:34,ESX-FUTURE,3101.0,2966,3101.0,3,NOTHING
02:39:35,ESX-FUTURE,3101.0,1397,3101.0,1572,NOTHING
02:39:36,ESX-FUTURE,3101.0,1545,3101.0,1424,NOTHING
02:39:37,ESX-FUTURE,3101.0,1705,3101.0,1264,NOTHING
02:39:38,ESX-FUTURE,3101.0,2273,3101.0,696,NOTHING
02:39:40,ESX-FUTURE,3101.0,2268,3101.0,701,NOTHING
02:39:40,ESX-FUTURE,3101.0,1918,3101.0,1051,NOTHING
02:39:42,ESX-FUTURE,3101.0,738,3101.0,2231,NOTHING
02:39:44,ESX-FUTURE,3101.0,1229,3102.0,1740,NOTHING
02:39:45,ESX-FUTURE,3102.0,2651,3102.0,318,NOTHING
02:39:46,ESX-FUTURE,3100.0,903,3101.0,2066,NOTHING
02:39:47,ESX-FUTURE,3100.0,1207,3101.0,1762,NOTHING
02:39:48,ESX-FUTURE,3100.0,1177,3101.0,1792,NOTHING
02:39:49,ESX-FUTURE,3100.0,2811,3100.0,158,NOTHING
02:39:50,ESX-FUTURE,3100.0,1845,3100.0,1124,NOTHING
02:39:50,ESX-FUTURE,3102.0,2532,3102.0,437,NOTHING
02:39:52,ESX-FUTURE,3102.0,183,3102.0,2786,NOTHING
02:39:54,ESX-FUTURE,3101.0,2667,3102.0,302,NOTHING
02:39:55,ESX-FUTURE,3101.0,915,3101.0,2054,NOTHING
02:39:56,ESX-FUTURE,3101.0,844,3101.0,2125,NOTHING
02:39:57,ESX-FUTURE,3101.0,1391,3101.0,1578,NOTHING
02:39:58,ESX-FUTURE,3101.0,826,3101.0,2143,NOTHING
02:40:00,ESX-FUTURE,3101.0,1905,3101.0,1064,NOTHING
02:40:00,ESX-FUTURE,3101.0,1471,3101.0,1498,NOTHING
02:40:01,ESX-FUTURE,3101.0,1055,3101.0,1914,NOTHING
02:40:03,ESX-FUTURE,3101.0,898,3101.0,2071,NOTHING
02:40:04,ESX-FUTURE,3101.0,2846,3101.0,123,NOTHING
02:40:06,ESX-FUTURE,3101.0,2833,3101.0,136,NOTHING
02:40:07,ESX-FUTURE,3101.0,968,3101.0,2001,NOTHING
02:40:08,ESX-FUTURE,3101.0,2011,3101.0,958,NOTHING
02:40:10,ESX-FUTURE,3101.0,1740,3101.0,1229,NOTHING
02:40:12,ESX-FUTURE,3101.0,2526,3102.0,443,NOTHING
02:40:12,ESX-FUTURE,3101.0,1492,3101.0,1477,NOTHING
02:40:13,ESX-FUTURE,3101.0,2617,3101.0,352,NOTHING
02:40:14,ESX-FUTURE,3102.0,964,3102.0,2005,NOTHING
02:40:16,ESX-FUTURE,3103.0,1898,3103.0,1071,NOTHING
02:40:17,ESX-FUTURE,3103.0,1735,3104.0,1234,NOTHING
02:40:17,ESX-FUTURE,3105.0,18,3106.0,2951,NOTHING
02:40:17,ESX-FUTURE,3105.0,2651,3105.0,318,NOTHING
02:40:18,ESX-FUTURE,3105.0,260,3106.0,2709,NOTHING
02:40:19,ESX-FUTURE,3105.0,245,3106.0,2724,NOTHING
02:40:20,ESX-FUTURE,3105.0,412,3106.0,2557,NOTHING
02:40:21,ESX-FUTURE,3105.0,1324,3106.0,1645,NOTHING
02:40:23,ESX-FUTURE,3105.0,2024,3105.0,945,NOTHING
02:40:24,ESX-FUTURE,3105.0,2087,3105.0,882,NOTHING
02:40:25,ESX-FUTURE,3105.0,2543,3105.0,426,NOTHING
02:40:26,ESX-FUTURE,3106.0,838,3106.0,2131,NOTHING
02:40:27,ESX-FUTURE,3106.0,273,3106.0,2696,NOTHING
02:40:29,ESX-FUTURE,3109.0,2880,3109.0,89,NOTHING
02:40:30,ESX-FUTURE,3109.0,202,3110.0,2767,NOTHING
02:40:31,ESX-FUTURE,3109.0,687,3110.0,2282,NOTHING
02:40:31,ESX-FUTURE,3110.0,349,3110.0,2620,NOTHING
02:40:33,ESX-FUTURE,3110.0,350,3110.0,2619,NOTHING
02:40:36,ESX-FUTURE,3110.0,1012,3110.0,1957,NOTHING
02:40:36,ESX-FUTURE,3110.0,562,3110.0,2407,NOTHING
02:40:37,ESX-FUTURE,3110.0,566,3110.0,2403,NOTHING
02:40:38,ESX-FUTURE,3110.0,929,3110.0,2040,NOTHING
02:40:40,ESX-FUTURE,3110.0,1679,3110.0,1290,NOTHING
02:40:42,ESX-FUTURE,3109.0,2259,3109.0,710,NOTHING
02:40:43,ESX-FUTURE,3109.0,1129,3109.0,1840,NOTHING
02:40:44,ESX-FUTURE,3109.0,537,3109.0,2432,NOTHING
02:40:46,ESX-FUTURE,3110.0,81,3110.0,2888,NOTHING
02:40:47,ESX-FUTURE,3112.0,2478,3112.0,491,NOTHING
02:40:49,ESX-FUTURE,3112.0,941,3112.0,2028,NOTHING
02:40:50,ESX-FUTURE,3113.0,708,3113.0,2261,NOTHING
02:40:51,ESX-FUTURE,3113.0,695,3113.0,2274,NOTHING
02:40:52,ESX-FUTURE,3113.0,324,3113.0,2645,NOTHING
02:40:53,ESX-FUTURE,3112.0,1704,3112.0,1265,NOTHING
02:40:54,ESX-FUTURE,3112.0,1924,3112.0,1045,NOTHING
02:40:55,ESX-FUTURE,3112.0,884,3112.0,2085,NOTHING
02:40:56,ESX-FUTURE,3112.0,905,3112.0,2064,NOTHING
02:40:56,ESX-FUTURE,3112.0,909,3112.0,2060,NOTHING
02:40:57,ESX-FUTURE,3112.0,915,3112.0,2054,NOTHING
02:40:57,ESX-FUTURE,3112.0,473,3113.0,2496,NOTHING
02:40:58,ESX-FUTURE,3112.0,1117,3112.0,1852,NOTHING
02:40:59,ESX-FUTURE,3112.0,968,3112.0,2001,NOTHING
02:41:00,ESX-FUTURE,3112.0,854,3112.0,2115,NOTHING
02:41:01,ESX-FUTURE,3111.0,2408,3112.0,561,NOTHING
02:41:02,ESX-FUTURE,3111.0,1495,3112.0,1474,NOTHING
02:41:03,ESX-FUTURE,3112.0,350,3112.0,2619,NOTHING
02:41:04,ESX-FUTURE,3112.0,253,3112.0,2716,NOTHING
02:41:05,ESX-FUTURE,3112.0,35,3112.0,2934,NOTHING
02:41:06,ESX-FUTURE,3112.0,29,3112.0,2940,NOTHING
02:41:08,ESX-FUTURE,3112.0,18,3112.0,2951,NOTHING
02:41:08,ESX-FUTURE,3111.0,2614,3112.0,355,NOTHING
02:41:09,ESX-FUTURE,3111.0,2556,3112.0,413,NOTHING
02:41:10,ESX-FUTURE,3111.0,2102,3112.0,867,NOTHING
02:41:10,ESX-FUTURE,3111.0,2712,3112.0,257,NOTHING
02:41:12,ESX-FUTURE,3111.0,2274,3112.0,695,NOTHING
02:41:13,ESX-FUTURE,3111.0,2295,3112.0,674,NOTHING
02:41:14,ESX-FUTURE,3113.0,195,3113.0,2774,NOTHING
02:41:15,ESX-FUTURE,3113.0,1775,3113.0,1194,NOTHING
02:41:16,ESX-FUTURE,3113.0,249,3113.0,2720,NOTHING
02:41:17,ESX-FUTURE,3113.0,248,3113.0,2721,NOTHING
02:41:18,ESX-FUTURE,3113.0,241,3113.0,2728,NOTHING
02:41:18,ESX-FUTURE,3113.0,240,3113.0,2729,NOTHING
02:41:19,ESX-FUTURE,3113.0,1990,3114.0,979,NOTHING
02:41:21,ESX-FUTURE,3114.0,651,3114.0,2318,NOTHING
02:41:22,ESX-FUTURE,3113.0,1360,3114.0,1609,NOTHING
02:41:23,ESX-FUTURE,3113.0,1341,3114.0,1628,NOTHING
02:41:23,ESX-FUTURE,3113.0,1340,3114.0,1629,NOTHING
02:41:25,ESX-FUTURE,3114.0,1044,3114.0,1925,NOTHING
02:41:26,ESX-FUTURE,3113.0,2966,3113.0,3,NOTHING
02:41:27,ESX-FUTURE,3111.0,2914,3111.0,55,NOTHING
02:41:28,ESX-FUTURE,3111.0,2295,3111.0,674,NOTHING
02:41:29,ESX-FUTURE,3111.0,2294,3111.0,675,NOTHING
02:41:31,ESX-FUTURE,3107.0,2827,3108.0,142,NOTHING
02:41:33,ESX-FUTURE,3107.0,2777,3108.0,192,NOTHING
02:41:33,ESX-FUTURE,3107.0,1919,3108.0,1050,NOTHING
02:41:35,ESX-FUTURE,3109.0,362,3109.0,2607,NOTHING
02:41:36,ESX-FUTURE,3109.0,256,3109.0,2713,NOTHING
02:41:37,ESX-FUTURE,3109.0,194,3109.0,2775,NOTHING
02:41:38,ESX-FUTURE,3109.0,2071,3109.0,898,NOTHING
02:41:38,ESX-FUTURE,3109.0,1484,3109.0,1485,NOTHING
02:41:39,ESX-FUTURE,3109.0,2577,3110.0,392,NOTHING
02:41:39,ESX-FUTURE,3109.0,2509,3110.0,460,NOTHING
02:41:39,ESX-FUTURE,3109.0,1333,3110.0,1636,NOTHING
02:41:40,ESX-FUTURE,3109.0,1824,3110.0,1145,NOTHING
02:41:42,ESX-FUTURE,3109.0,1211,3110.0,1758,NOTHING
02:41:43,ESX-FUTURE,3109.0,1401,3110.0,1568,NOTHING
02:41:43,ESX-FUTURE,3109.0,1139,3110.0,1830,NOTHING
02:41:44,ESX-FUTURE,3109.0,2245,3110.0,724,NOTHING
02:41:46,ESX-FUTURE,3109.0,2261,3110.0,708,NOTHING
02:41:46,ESX-FUTURE,3110.0,2521,3110.0,448,NOTHING
02:41:48,ESX-FUTURE,3110.0,2522,3110.0,447,NOTHING
02:41:49,ESX-FUTURE,3110.0,2154,3110.0,815,NOTHING
02:41:50,ESX-FUTURE,3110.0,25,3110.0,2944,NOTHING
02:41:51,ESX-FUTURE,3110.0,1916,3110.0,1053,NOTHING
02:41:52,ESX-FUTURE,3110.0,1879,3110.0,1090,NOTHING
02:41:53,ESX-FUTURE,3113.0,377,3113.0,2592,NOTHING
02:41:55,ESX-FUTURE,3113.0,292,3113.0,2677,NOTHING
02:41:55,ESX-FUTURE,3113.0,877,3113.0,2092,NOTHING
02:41:57,ESX-FUTURE,3113.0,847,3113.0,2122,NOTHING
02:41:58,ESX-FUTURE,3113.0,789,3113.0,2180,NOTHING
02:41:59,ESX-FUTURE,3113.0,2789,3113.0,180,NOTHING
02:42:00,ESX-FUTURE,3113.0,506,3113.0,2463,NOTHING
02:42:02,ESX-FUTURE,3113.0,1829,3113.0,1140,NOTHING
02:42:02,ESX-FUTURE,3113.0,1629,3113.0,1340,NOTHING
02:42:03,ESX-FUTURE,3113.0,1687,3114.0,1282,NOTHING
02:42:04,ESX-FUTURE,3114.0,721,3114.0,2248,NOTHING
02:42:06,ESX-FUTURE,3114.0,529,3114.0,2440,NOTHING
02:42:07,ESX-FUTURE,3114.0,192,3114.0,2777,NOTHING
02:42:08,ESX-FUTURE,3114.0,888,3114.0,2081,NOTHING
02:42:09,ESX-FUTURE,3114.0,97,3114.0,2872,NOTHING
02:42:10,ESX-FUTURE,3114.0,50,3114.0,2919,NOTHING
02:42:11,ESX-FUTURE,3114.0,1779,3114.0,1190,NOTHING
02:42:12,ESX-FUTURE,3117.0,2318,3118.0,651,NOTHING
02:42:13,ESX-FUTURE,3118.0,390,3118.0,2579,NOTHING
02:42:14,ESX-FUTURE,3118.0,877,3118.0,2092,NOTHING
02:42:15,ESX-FUTURE,3118.0,2148,3118.0,821,NOTHING
02:42:17,ESX-FUTURE,3118.0,948,3118.0,2021,NOTHING
02:42:18,ESX-FUTURE,3117.0,2530,3118.0,439,NOTHING
02:42:20,ESX-FUTURE,3117.0,2192,3118.0,777,NOTHING
02:42:21,ESX-FUTURE,3117.0,2263,3118.0,706,NOTHING
02:42:22,ESX-FUTURE,3117.0,2320,3118.0,649,NOTHING
02:42:24,ESX-FUTURE,3117.0,2718,3118.0,251,NOTHING
02:42:25,ESX-FUTURE,3117.0,2713,3118.0,256,NOTHING
02:42:26,ESX-FUTURE,3117.0,2717,3118.0,252,NOTHING
02:42:26,ESX-FUTURE,3118.0,1237,3118.0,1732,NOTHING
02:42:27,ESX-FUTURE,3118.0,2126,3118.0,843,NOTHING
02:42:27,ESX-FUTURE,3118.0,184,3118.0,2785,NOTHING
02:42:29,ESX-FUTURE,3118.0,1321,3118.0,1648,NOTHING
02:42:31,ESX-FUTURE,3118.0,1532,3118.0,1437,NOTHING
02:42:32,ESX-FUTURE,3118.0,1528,3118.0,1441,NOTHING
02:42:33,ESX-FUTURE,3117.0,1494,3117.0,1475,NOTHING
02:42:35,ESX-FUTURE,3117.0,1995,3117.0,974,NOTHING
02:42:35,ESX-FUTURE,3117.0,2805,3118.0,164,NOTHING
02:42:37,ESX-FUTURE,3117.0,2245,3118.0,724,NOTHING
02:42:38,ESX-FUTURE,3118.0,1859,3118.0,1110,NOTHING
02:42:40,ESX-FUTURE,3118.0,2866,3118.0,103,NOTHING
02:42:41,ESX-FUTURE,3118.0,2701,3118.0,268,NOTHING
02:42:42,ESX-FUTURE,3118.0,2628,3118.0,341,NOTHING
02:42:44,ESX-FUTURE,3121.0,678,3121.0,2291,NOTHING
02:42:45,ESX-FUTURE,3121.0,155,3122.0,2814,NOTHING
02:42:46,ESX-FUTURE,3121.0,49,3122.0,2920,NOTHING
02:42:46,ESX-FUTURE,3121.0,2051,3122.0,918,NOTHING
02:42:48,ESX-FUTURE,3121.0,2050,3122.0,919,NOTHING
02:42:49,ESX-FUTURE,3121.0,2049,3122.0,920,NOTHING
02:42:50,ESX-FUTURE,3122.0,2027,3122.0,942,NOTHING
02:42:52,ESX-FUTURE,3122.0,2185,3122.0,784,NOTHING
02:42:53,ESX-FUTURE,3121.0,1185,3122.0,1784,NOTHING
02:42:53,ESX-FUTURE,3122.0,2360,3122.0,609,NOTHING
02:42:53,ESX-FUTURE,3122.0,2163,3122.0,806,NOTHING
02:42:55,ESX-FUTURE,3122.0,2575,3122.0,394,NOTHING
02:42:56,ESX-FUTURE,3123.0,964,3123.0,2005,NOTHING
02:42:57,ESX-FUTURE,3123.0,1461,3123.0,1508,NOTHING
02:42:58,ESX-FUTURE,3123.0,1746,3123.0,1223,NOTHING
02:42:58,ESX-FUTURE,3123.0,1655,3123.0,1314,NOTHING
02:42:58,ESX-FUTURE,3123.0,1797,3123.0,1172,NOTHING
02:43:00,ESX-FUTURE,3123.0,919,3123.0,2050,NOTHING
02:43:00,ESX-FUTURE,3123.0,2704,3123.0,265,NOTHING
02:43:01,ESX-FUTURE,3123.0,2391,3123.0,578,NOTHING
02:43:02,ESX-FUTURE,3123.0,912,3123.0,2057,NOTHING
02:43:03,ESX-FUTURE,3123.0,2285,3123.0,684,NOTHING
02:43:04,ESX-FUTURE,3123.0,2286,3123.0,683,NOTHING
02:43:06,ESX-FUTURE,3122.0,47,3123.0,2922,NOTHING
02:43:06,ESX-FUTURE,3122.0,1965,3122.0,1004,NOTHING
02:43:07,ESX-FUTURE,3122.0,922,3122.0,2047,NOTHING
02:43:09,ESX-FUTURE,3122.0,1362,3122.0,1607,NOTHING
02:43:10,ESX-FUTURE,3122.0,1165,3122.0,1804,NOTHING
02:43:12,ESX-FUTURE,3122.0,1125,3122.0,1844,NOTHING
02:43:12,ESX-FUTURE,3122.0,287,3122.0,2682,NOTHING
02:43:13,ESX-FUTURE,3122.0,2669,3122.0,300,NOTHING
02:43:13,ESX-FUTURE,3122.0,471,3122.0,2498,NOTHING
02:43:15,ESX-FUTURE,3122.0,1006,3122.0,1963,NOTHING
02:43:16,ESX-FUTURE,3122.0,376,3123.0,2593,NOTHING
02:43:16,ESX-FUTURE,3122.0,11,3123.0,2958,NOTHING
02:43:17,ESX-FUTURE,3122.0,825,3122.0,2144,NOTHING
02:43:19,ESX-FUTURE,3122.0,1558,3122.0,1411,NOTHING
02:43:19,ESX-FUTURE,3122.0,2031,3122.0,938,NOTHING
02:43:21,ESX-FUTURE,3122.0,843,3123.0,2126,NOTHING
02:43:23,ESX-FUTURE,3122.0,1275,3123.0,1694,NOTHING
02:43:24,ESX-FUTURE,3122.0,1314,3123.0,1655,NOTHING
02:43:24,ESX-FUTURE,3122.0,1314,3123.0,1655,NOTHING
02:43:26,ESX-FUTURE,3122.0,2507,3123.0,462,NOTHING
02:43:26,ESX-FUTURE,3122.0,1232,3123.0,1737,NOTHING
02:43:27,ESX-FUTURE,3123.0,81,3123.0,2888,NOTHING
02:43:28,ESX-FUTURE,3122.0,1796,3123.0,1173,NOTHING
02:43:30,ESX-FUTURE,3122.0,1804,3123.0,1165,NOTHING
02:43:31,ESX-FUTURE,3122.0,1951,3123.0,1018,NOTHING
02:43:32,ESX-FUTURE,3122.0,1413,3123.0,1556,NOTHING
02:43:33,ESX-FUTURE,3122.0,1409,3123.0,1560,NOTHING
02:43:34,ESX-FUTURE,3122.0,1356,3123.0,1613,NOTHING
02:43:36,ESX-FUTURE,3122.0,1206,3122.0,1763,NOTHING
02:43:37,ESX-FUTURE,3121.0,1917,3122.0,1052,NOTHING
02:43:38,ESX-FUTURE,3122.0,234,3122.0,2735,NOTHING
02:43:39,ESX-FUTURE,3121.0,2266,3122.0,703,NOTHING
02:43:40,ESX-FUTURE,3121.0,1959,3122.0,1010,NOTHING
02:43:41,ESX-FUTURE,3121.0,1954,3122.0,1015,NOTHING
02:43:41,ESX-FUTURE,3121.0,2121,3122.0,848,NOTHING
02:43:43,ESX-FUTURE,3121.0,2066,3122.0,903,NOTHING
02:43:44,ESX-FUTURE,3122.0,68,3122.0,2901,NOTHING
02:43:45,ESX-FUTURE,3121.0,1047,3122.0,1922,NOTHING
02:43:46,ESX-FUTURE,3122.0,1872,3122.0,1097,NOTHING
02:43:47,ESX-FUTURE,3122.0,1854,3122.0,1115,NOTHING
02:43:49,ESX-FUTURE,3122.0,937,3122.0,2032,NOTHING
02:43:49,ESX-FUTURE,3122.0,788,3122.0,2181,NOTHING
02:43:50,ESX-FUTURE,3122.0,818,3122.0,2151,NOTHING
02:43:52,ESX-FUTURE,3119.0,1519,3120.0,1450,NOTHING
02:43:52,ESX-FUTURE,3119.0,2590,3119.0,379,NOTHING
02:43:54,ESX-FUTURE,3119.0,2659,3119.0,310,NOTHING
02:43:56,ESX-FUTURE,3120.0,1826,3120.0,1143,NOTHING
02:43:56,ESX-FUTURE,3120.0,1585,3120.0,1384,NOTHING
02:43:58,ESX-FUTURE,3120.0,992,3120.0,1977,NOTHING
02:43:58,ESX-FUTURE,3120.0,1921,3120.0,1048,NOTHING
02:44:00,ESX-FUTURE,3120.0,2292,3120.0,677,SELL
02:44:00,ESX-FUTURE,3120.0,873,3120.0,2096,SELL
02:44:01,ESX-FUTURE,3120.0,983,3120.0,1986,SELL
02:44:02,ESX-FUTURE,3120.0,2483,3120.0,486,SELL
02:44:03,ESX-FUTURE,3120.0,1863,3120.0,1106,SELL
02:44:04,ESX-FUTURE,3120.0,2720,3120.0,249,SELL
02:44:05,ESX-FUTURE,3120.0,2058,3120.0,911,SELL
02:44:06,ESX-FUTURE,3120.0,1151,3120.0,1818,SELL
02:44:07,ESX-FUTURE,3119.0,2703,3119.0,266,SELL
02:44:08,ESX-FUTURE,3119.0,860,3119.0,2109,SELL
02:44:10,ESX-FUTURE,3120.0,59,3121.0,2910,SELL
02:44:10,ESX-FUTURE,3120.0,2436,3120.0,533,SELL
02:44:11,ESX-FUTURE,3120.0,272,3120.0,2697,SELL
02:44:12,ESX-FUTURE,3120.0,2924,3120.0,45,SELL
02:44:12,ESX-FUTURE,3120.0,2599,3120.0,370,SELL
02:44:13,ESX-FUTURE,3120.0,2576,3120.0,393,SELL
02:44:14,ESX-FUTURE,3120.0,2580,3120.0,389,SELL
02:44:16,ESX-FUTURE,3120.0,2297,3120.0,672,SELL
02:44:18,ESX-FUTURE,3121.0,1900,3121.0,1069,SELL
02:44:18,ESX-FUTURE,3121.0,1991,3121.0,978,SELL
02:44:18,ESX-FUTURE,3122.0,2762,3122.0,207,SELL
02:44:19,ESX-FUTURE,3122.0,1122,3122.0,1847,SELL
02:44:20,ESX-FUTURE,3122.0,1117,3122.0,1852,SELL
02:44:21,ESX-FUTURE,3126.0,1966,3126.0,1003,SELL
02:44:22,ESX-FUTURE,3126.0,2072,3126.0,897,SELL
02:44:23,ESX-FUTURE,3126.0,1128,3126.0,1841,SELL
02:44:24,ESX-FUTURE,3126.0,2110,3126.0,859,SELL
02:44:24,ESX-FUTURE,3126.0,972,3126.0,1997,SELL
02:44:27,ESX-FUTURE,3126.0,1282,3126.0,1687,SELL
02:44:28,ESX-FUTURE,3126.0,1274,3126.0,1695,SELL
02:44:30,ESX-FUTURE,3126.0,139,3126.0,2830,SELL
02:44:31,ESX-FUTURE,3126.0,517,3126.0,2452,SELL
02:44:32,ESX-FUTURE,3127.0,2881,3128.0,88,SELL
02:44:32,ESX-FUTURE,3127.0,2915,3128.0,54,SELL
02:44:34,ESX-FUTURE,3127.0,2915,3128.0,54,SELL
02:44:34,ESX-FUTURE,3127.0,2389,3128.0,580,SELL
02:44:35,ESX-FUTURE,3127.0,2372,3128.0,597,SELL
02:44:37,ESX-FUTURE,3127.0,2554,3128.0,415,SELL
02:44:38,ESX-FUTURE,3128.0,1828,3128.0,1141,SELL
02:44:39,ESX-FUTURE,3128.0,1977,3128.0,992,SELL
02:44:40,ESX-FUTURE,3128.0,2872,3128.0,97,SELL
02:44:40,ESX-FUTURE,3128.0,2649,3128.0,320,SELL
02:44:41,ESX-FUTURE,3128.0,582,3128.0,2387,SELL
02:44:43,ESX-FUTURE,3128.0,2592,3128.0,377,SELL
02:44:44,ESX-FUTURE,3128.0,1780,3128.0,1189,SELL
02:44:46,ESX-FUTURE,3128.0,1201,3128.0,1768,SELL
02:44:47,ESX-FUTURE,3128.0,1236,3128.0,1733,SELL
02:44:48,ESX-FUTURE,3128.0,2398,3128.0,571,SELL
02:44:49,ESX-FUTURE,3128.0,2640,3128.0,329,SELL
02:44:50,ESX-FUTURE,3128.0,314,3128.0,2655,SELL
02:44:51,ESX-FUTURE,3125.0,2490,3125.0,479,SELL
02:44:52,ESX-FUTURE,3124.0,2673,3125.0,296,SELL
02:44:52,ESX-FUTURE,3125.0,743,3125.0,2226,SELL
02:44:54,ESX-FUTURE,3125.0,537,3125.0,2432,SELL
02:44:54,ESX-FUTURE,3125.0,2568,3125.0,401,SELL
02:44:56,ESX-FUTURE,3124.0,1715,3124.0,1254,SELL
02:44:57,ESX-FUTURE,3124.0,2544,3124.0,425,SELL
02:44:57,ESX-FUTURE,3124.0,813,3125.0,2156,SELL
02:44:58,ESX-FUTURE,3124.0,522,3124.0,2447,SELL
02:44:58,ESX-FUTURE,3124.0,683,3124.0,2286,SELL
02:50:03,ESX-FUTURE,3124.0,1005,3124.0,1964,NOTHING
02:50:03,ESX-FUTURE,3124.0,2250,3124.0,719,NOTHING
02:50:03,ESX-FUTURE,3121.0,1916,3121.0,1053,NOTHING
02:50:03,ESX-FUTURE,3121.0,1753,3121.0,1216,NOTHING
02:50:03,ESX-FUTURE,3121.0,1859,3121.0,1110,NOTHING
02:50:03,ESX-FUTURE,3121.0,340,3121.0,2629,NOTHING
02:50:03,ESX-FUTURE,3121.0,1583,3121.0,1386,NOTHING
02:50:03,ESX-FUTURE,3121.0,2481,3121.0,488,NOTHING
02:50:03,ESX-FUTURE,3121.0,2458,3121.0,511,NOTHING
02:50:03,ESX-FUTURE,3121.0,2442,3121.0,527,NOTHING
02:50:03,ESX-FUTURE,3121.0,1883,3121.0,1086,NOTHING
02:50:03,ESX-FUTURE,3121.0,2730,3121.0,239,NOTHING
02:50:03,ESX-FUTURE,3121.0,2737,3121.0,232,NOTHING
02:50:03,ESX-FUTURE,3121.0,2032,3121.0,937,NOTHING
02:50:03,ESX-FUTURE,3121.0,942,3121.0,2027,NOTHING
02:50:03,ESX-FUTURE,3121.0,1804,3121.0,1165,NOTHING
02:50:03,ESX-FUTURE,3121.0,1691,3121.0,1278,NOTHING
02:50:03,ESX-FUTURE,3121.0,1669,3121.0,1300,NOTHING
02:50:03,ESX-FUTURE,3121.0,2450,3121.0,519,NOTHING
02:50:03,ESX-FUTURE,3121.0,2046,3121.0,923,NOTHING
02:50:03,ESX-FUTURE,3121.0,2056,3121.0,913,NOTHING
02:50:03,ESX-FUTURE,3121.0,2130,3121.0,839,NOTHING
02:50:03,ESX-FUTURE,3120.0,2122,3121.0,847,NOTHING
02:50:03,ESX-FUTURE,3120.0,2732,3121.0,237,NOTHING
02:50:03,ESX-FUTURE,3119.0,271,3119.0,2698,NOTHING
02:50:03,ESX-FUTURE,3119.0,2465,3119.0,504,NOTHING
02:50:03,ESX-FUTURE,3119.0,2171,3119.0,798,NOTHING
02:50:03,ESX-FUTURE,3118.0,1571,3118.0,1398,NOTHING
02:50:03,ESX-FUTURE,3118.0,2543,3118.0,426,NOTHING
02:50:03,ESX-FUTURE,3118.0,2616,3118.0,353,NOTHING
02:50:03,ESX-FUTURE,3118.0,2890,3118.0,79,NOTHING
02:50:03,ESX-FUTURE,3118.0,2965,3118.0,4,NOTHING
02:50:03,ESX-FUTURE,3118.0,2364,3118.0,605,NOTHING
02:50:03,ESX-FUTURE,3118.0,2316,3118.0,653,NOTHING
02:50:03,ESX-FUTURE,3118.0,2456,3118.0,513,NOTHING
02:50:03,ESX-FUTURE,3118.0,2363,3118.0,606,NOTHING
02:50:03,ESX-FUTURE,3118.0,181,3118.0,2788,NOTHING
02:50:03,ESX-FUTURE,3118.0,2012,3119.0,957,NOTHING
02:50:03,ESX-FUTURE,3118.0,974,3118.0,1995,NOTHING
02:50:03,ESX-FUTURE,3118.0,1163,3118.0,1806,NOTHING
02:50:03,ESX-FUTURE,3117.0,833,3118.0,2136,NOTHING
02:50:03,ESX-FUTURE,3117.0,360,3118.0,2609,NOTHING
02:50:03,ESX-FUTURE,3117.0,467,3118.0,2502,NOTHING
02:50:03,ESX-FUTURE,3117.0,1110,3117.0,1859,NOTHING
02:50:03,ESX-FUTURE,3117.0,1924,3117.0,1045,NOTHING
02:50:03,ESX-FUTURE,3117.0,69,3118.0,2900,NOTHING
02:50:03,ESX-FUTURE,3117.0,1039,3118.0,1930,NOTHING
02:50:03,ESX-FUTURE,3117.0,1044,3118.0,1925,NOTHING
02:50:03,ESX-FUTURE,3117.0,1085,3118.0,1884,NOTHING
02:50:03,ESX-FUTURE,3117.0,811,3118.0,2158,NOTHING
02:50:03,ESX-FUTURE,3117.0,2147,3118.0,822,NOTHING
02:50:03,ESX-FUTURE,3117.0,2183,3118.0,786,NOTHING
02:50:03,ESX-FUTURE,3118.0,2755,3118.0,214,NOTHING
02:50:03,ESX-FUTURE,3118.0,282,3118.0,2687,NOTHING
02:50:03,ESX-FUTURE,3118.0,1048,3118.0,1921,NOTHING
02:50:03,ESX-FUTURE,3118.0,2205,3118.0,764,NOTHING
02:50:03,ESX-FUTURE,3115.0,2874,3115.0,95,NOTHING
02:50:03,ESX-FUTURE,3115.0,924,3115.0,2045,NOTHING
02:50:03,ESX-FUTURE,3115.0,217,3115.0,2752,NOTHING
02:50:03,ESX-FUTURE,3115.0,2677,3115.0,292,NOTHING
02:50:03,ESX-FUTURE,3115.0,800,3115.0,2169,NOTHING
02:50:03,ESX-FUTURE,3115.0,879,3115.0,2090,NOTHING
02:50:03,ESX-FUTURE,3114.0,1921,3114.0,1048,NOTHING
02:50:03,ESX-FUTURE,3113.0,119,3113.0,2850,NOTHING
02:50:03,ESX-FUTURE,3113.0,1613,3113.0,1356,NOTHING
02:50:03,ESX-FUTURE,3113.0,346,3113.0,2623,NOTHING
02:50:03,ESX-FUTURE,3113.0,97,3113.0,2872,NOTHING
02:50:03,ESX-FUTURE,3113.0,46,3113.0,2923,NOTHING
02:50:03,ESX-FUTURE,3113.0,468,3113.0,2501,NOTHING
02:50:03,ESX-FUTURE,3113.0,1417,3113.0,1552,NOTHING
02:50:03,ESX-FUTURE,3111.0,1619,3112.0,1350,NOTHING
02:50:03,ESX-FUTURE,3111.0,1388,3112.0,1581,NOTHING
02:50:03,ESX-FUTURE,3111.0,1424,3112.0,1545,NOTHING
02:50:03,ESX-FUTURE,3112.0,2770,3112.0,199,NOTHING
02:50:03,ESX-FUTURE,3112.0,1624,3112.0,1345,NOTHING
02:50:03,ESX-FUTURE,3111.0,1365,3112.0,1604,NOTHING
02:50:03,ESX-FUTURE,3111.0,1376,3112.0,1593,NOTHING
02:50:03,ESX-FUTURE,3111.0,1594,3112.0,1375,NOTHING
02:50:03,ESX-FUTURE,3111.0,1706,3112.0,1263,NOTHING
02:50:03,ESX-FUTURE,3111.0,2254,3112.0,715,NOTHING
02:50:03,ESX-FUTURE,3111.0,2379,3112.0,590,NOTHING
02:50:03,ESX-FUTURE,3111.0,505,3112.0,2464,NOTHING
02:50:03,ESX-FUTURE,3112.0,176,3112.0,2793,NOTHING
02:50:03,ESX-FUTURE,3112.0,2881,3112.0,88,NOTHING
02:50:03,ESX-FUTURE,3112.0,2570,3112.0,399,NOTHING
02:50:03,ESX-FUTURE,3112.0,2506,3112.0,463,NOTHING
02:50:03,ESX-FUTURE,3112.0,2356,3112.0,613,NOTHING
02:50:03,ESX-FUTURE,3112.0,1600,3112.0,1369,NOTHING
02:50:03,ESX-FUTURE,3112.0,1439,3112.0,1530,NOTHING
02:50:03,ESX-FUTURE,3111.0,1089,3112.0,1880,NOTHING
02:50:03,ESX-FUTURE,3111.0,2843,3111.0,126,NOTHING
02:50:03,ESX-FUTURE,3111.0,800,3112.0,2169,NOTHING
02:50:03,ESX-FUTURE,3112.0,2236,3112.0,733,NOTHING
02:50:03,ESX-FUTURE,3112.0,2717,3112.0,252,NOTHING
02:50:03,ESX-FUTURE,3112.0,1674,3112.0,1295,NOTHING
02:50:03,ESX-FUTURE,3111.0,2179,3112.0,790,NOTHING
02:50:03,ESX-FUTURE,3111.0,2156,3112.0,813,NOTHING
02:50:03,ESX-FUTURE,3111.0,1490,3111.0,1479,NOTHING
02:50:03,ESX-FUTURE,3111.0,392,3111.0,2577,NOTHING
02:50:03,ESX-FUTURE,3110.0,2794,3110.0,175,NOTHING
02:50:03,ESX-FUTURE,3110.0,986,3110.0,1983,NOTHING
02:50:03,ESX-FUTURE,3110.0,1191,3111.0,1778,NOTHING
02:50:03,ESX-FUTURE,3111.0,671,3111.0,2298,NOTHING
02:50:03,ESX-FUTURE,3111.0,807,3111.0,2162,NOTHING
02:50:03,ESX-FUTURE,3110.0,1108,3111.0,1861,NOTHING
02:50:03,ESX-FUTURE,3110.0,269,3111.0,2700,NOTHING
02:50:03,ESX-FUTURE,3110.0,740,3111.0,2229,NOTHING
02:50:03,ESX-FUTURE,3110.0,698,3111.0,2271,NOTHING
02:50:03,ESX-FUTURE,3110.0,635,3111.0,2334,NOTHING
02:50:03,ESX-FUTURE,3111.0,1614,3111.0,1355,NOTHING
02:50:03,ESX-FUTURE,3110.0,2133,3111.0,836,NOTHING
02:50:03,ESX-FUTURE,3111.0,1548,3112.0,1421,NOTHING
02:50:03,ESX-FUTURE,3111.0,412,3112.0,2557,NOTHING
02:50:03,ESX-FUTURE,3110.0,452,3110.0,2517,NOTHING
02:50:03,ESX-FUTURE,3109.0,698,3109.0,2271,NOTHING
02:50:03,ESX-FUTURE,3109.0,702,3109.0,2267,NOTHING
02:50:03,ESX-FUTURE,3109.0,972,3109.0,1997,NOTHING
02:50:03,ESX-FUTURE,3109.0,2120,3109.0,849,NOTHING
02:50:03,ESX-FUTURE,3108.0,2653,3108.0,316,NOTHING
02:50:03,ESX-FUTURE,3108.0,1174,3108.0,1795,NOTHING
02:50:03,ESX-FUTURE,3108.0,2102,3108.0,867,NOTHING
02:50:03,ESX-FUTURE,3108.0,757,3109.0,2212,NOTHING
02:50:03,ESX-FUTURE,3108.0,685,3109.0,2284,NOTHING
02:50:03,ESX-FUTURE,3108.0,662,3109.0,2307,NOTHING
02:50:03,ESX-FUTURE,3108.0,903,3108.0,2066,NOTHING
02:50:03,ESX-FUTURE,3108.0,2468,3108.0,501,NOTHING
02:50:03,ESX-FUTURE,3107.0,1902,3107.0,1067,NOTHING
02:50:03,ESX-FUTURE,3107.0,2333,3107.0,636,NOTHING
02:50:03,ESX-FUTURE,3107.0,1919,3107.0,1050,NOTHING
02:50:03,ESX-FUTURE,3107.0,1556,3107.0,1413,NOTHING
02:50:03,ESX-FUTURE,3107.0,1560,3107.0,1409,NOTHING
02:50:03,ESX-FUTURE,3107.0,1305,3107.0,1664,NOTHING
02:50:03,ESX-FUTURE,3107.0,153,3107.0,2816,NOTHING
02:50:03,ESX-FUTURE,3107.0,1082,3107.0,1887,NOTHING
02:50:03,ESX-FUTURE,3107.0,140,3108.0,2829,NOTHING
02:50:03,ESX-FUTURE,3107.0,432,3108.0,2537,NOTHING
02:50:03,ESX-FUTURE,3107.0,593,3108.0,2376,NOTHING
02:50:03,ESX-FUTURE,3107.0,1680,3108.0,1289,NOTHING
02:50:03,ESX-FUTURE,3107.0,1637,3108.0,1332,NOTHING
02:50:03,ESX-FUTURE,3107.0,1308,3108.0,1661,NOTHING
02:50:03,ESX-FUTURE,3108.0,1164,3108.0,1805,NOTHING
02:50:03,ESX-FUTURE,3108.0,1229,3108.0,1740,NOTHING
02:50:03,ESX-FUTURE,3107.0,804,3108.0,2165,NOTHING
02:50:03,ESX-FUTURE,3105.0,1664,3106.0,1305,NOTHING
02:50:03,ESX-FUTURE,3105.0,1283,3106.0,1686,NOTHING
02:50:03,ESX-FUTURE,3105.0,1536,3106.0,1433,NOTHING
02:50:03,ESX-FUTURE,3105.0,2086,3106.0,883,NOTHING
02:50:03,ESX-FUTURE,3105.0,2241,3106.0,728,NOTHING
02:50:03,ESX-FUTURE,3105.0,2232,3106.0,737,NOTHING
02:50:03,ESX-FUTURE,3106.0,359,3106.0,2610,NOTHING
02:50:03,ESX-FUTURE,3106.0,1745,3106.0,1224,NOTHING
02:50:03,ESX-FUTURE,3106.0,124,3107.0,2845,NOTHING
02:50:03,ESX-FUTURE,3106.0,162,3107.0,2807,NOTHING
02:50:03,ESX-FUTURE,3106.0,637,3106.0,2332,NOTHING
02:50:03,ESX-FUTURE,3105.0,2113,3105.0,856,NOTHING
02:50:03,ESX-FUTURE,3105.0,768,3105.0,2201,NOTHING
02:50:03,ESX-FUTURE,3105.0,858,3105.0,2111,NOTHING
02:50:03,ESX-FUTURE,3105.0,1948,3105.0,1021,NOTHING
02:50:03,ESX-FUTURE,3104.0,2755,3104.0,214,NOTHING
02:50:03,ESX-FUTURE,3104.0,2668,3104.0,301,NOTHING
02:50:03,ESX-FUTURE,3104.0,2567,3104.0,402,NOTHING
02:50:03,ESX-FUTURE,3104.0,2548,3104.0,421,NOTHING
02:50:03,ESX-FUTURE,3104.0,2001,3105.0,968,NOTHING
02:50:03,ESX-FUTURE,3104.0,1317,3105.0,1652,NOTHING
02:50:03,ESX-FUTURE,3105.0,1920,3105.0,1049,NOTHING
02:50:03,ESX-FUTURE,3105.0,826,3105.0,2143,NOTHING
02:50:03,ESX-FUTURE,3105.0,1134,3105.0,1835,NOTHING
02:50:03,ESX-FUTURE,3106.0,2522,3106.0,447,NOTHING
02:50:03,ESX-FUTURE,3106.0,149,3106.0,2820,NOTHING
02:50:03,ESX-FUTURE,3106.0,2700,3106.0,269,NOTHING
02:50:03,ESX-FUTURE,3106.0,796,3106.0,2173,NOTHING
02:50:03,ESX-FUTURE,3106.0,1037,3106.0,1932,NOTHING
02:50:03,ESX-FUTURE,3106.0,1918,3106.0,1051,NOTHING
02:50:03,ESX-FUTURE,3106.0,2027,3106.0,942,NOTHING
02:50:03,ESX-FUTURE,3106.0,1391,3106.0,1578,NOTHING
02:50:03,ESX-FUTURE,3106.0,1675,3106.0,1294,NOTHING
02:50:03,ESX-FUTURE,3106.0,170,3106.0,2799,NOTHING
02:50:03,ESX-FUTURE,3106.0,2568,3106.0,401,NOTHING
02:50:03,ESX-FUTURE,3106.0,2722,3106.0,247,NOTHING
02:50:03,ESX-FUTURE,3106.0,2068,3106.0,901,NOTHING
02:50:03,ESX-FUTURE,3106.0,59,3107.0,2910,NOTHING
02:50:03,ESX-FUTURE,3106.0,2165,3107.0,804,NOTHING
02:50:03,ESX-FUTURE,3106.0,1792,3107.0,1177,NOTHING
02:50:03,ESX-FUTURE,3106.0,1842,3107.0,1127,NOTHING
02:50:03,ESX-FUTURE,3106.0,1805,3107.0,1164,NOTHING
02:50:03,ESX-FUTURE,3106.0,1810,3107.0,1159,NOTHING
02:50:03,ESX-FUTURE,3106.0,1612,3106.0,1357,NOTHING
02:50:03,ESX-FUTURE,3106.0,1483,3106.0,1486,NOTHING
02:50:03,ESX-FUTURE,3106.0,850,3106.0,2119,NOTHING
02:50:03,ESX-FUTURE,3105.0,1896,3106.0,1073,NOTHING
02:50:03,ESX-FUTURE,3105.0,150,3106.0,2819,NOTHING
02:50:03,ESX-FUTURE,3105.0,2583,3105.0,386,NOTHING
02:50:03,ESX-FUTURE,3105.0,2538,3105.0,431,NOTHING
02:50:03,ESX-FUTURE,3105.0,638,3106.0,2331,NOTHING
02:50:03,ESX-FUTURE,3106.0,2016,3106.0,953,NOTHING
02:50:03,ESX-FUTURE,3107.0,1717,3107.0,1252,NOTHING
02:50:03,ESX-FUTURE,3107.0,1688,3107.0,1281,NOTHING
02:50:03,ESX-FUTURE,3107.0,1657,3107.0,1312,NOTHING
02:50:03,ESX-FUTURE,3107.0,1223,3107.0,1746,NOTHING
02:50:03,ESX-FUTURE,3108.0,2148,3108.0,821,NOTHING
02:50:03,ESX-FUTURE,3108.0,906,3108.0,2063,NOTHING
02:50:03,ESX-FUTURE,3108.0,1471,3108.0,1498,NOTHING
02:50:03,ESX-FUTURE,3108.0,253,3108.0,2716,NOTHING
02:50:03,ESX-FUTURE,3108.0,279,3108.0,2690,NOTHING
02:50:03,ESX-FUTURE,3108.0,288,3108.0,2681,NOTHING
02:50:03,ESX-FUTURE,3108.0,554,3108.0,2415,NOTHING
02:50:03,ESX-FUTURE,3107.0,794,3108.0,2175,NOTHING
02:50:03,ESX-FUTURE,3107.0,503,3108.0,2466,NOTHING
02:50:03,ESX-FUTURE,3108.0,1654,3108.0,1315,NOTHING
02:50:03,ESX-FUTURE,3108.0,2285,3108.0,686,NOTHING
02:50:05,ESX-FUTURE,3108.0,2418,3108.0,553,NOTHING
02:50:06,ESX-FUTURE,3108.0,2352,3108.0,619,NOTHING
02:50:07,ESX-FUTURE,3108.0,2034,3108.0,937,NOTHING
02:50:08,ESX-FUTURE,3108.0,1833,3108.0,1138,NOTHING
02:50:10,ESX-FUTURE,3108.0,1531,3108.0,1440,NOTHING
02:50:10,ESX-FUTURE,3109.0,2572,3109.0,399,NOTHING
02:50:11,ESX-FUTURE,3109.0,1885,3109.0,1086,NOTHING
02:50:13,ESX-FUTURE,3109.0,1890,3109.0,1081,NOTHING
02:50:13,ESX-FUTURE,3109.0,2354,3109.0,617,NOTHING
02:50:15,ESX-FUTURE,3109.0,2542,3109.0,429,NOTHING
02:50:15,ESX-FUTURE,3109.0,2514,3109.0,457,NOTHING
02:50:17,ESX-FUTURE,3109.0,2508,3109.0,463,NOTHING
02:50:18,ESX-FUTURE,3109.0,1700,3109.0,1271,NOTHING
02:50:19,ESX-FUTURE,3110.0,578,3110.0,2393,NOTHING
02:50:21,ESX-FUTURE,3110.0,2346,3111.0,625,NOTHING
02:50:21,ESX-FUTURE,3110.0,2570,3111.0,401,NOTHING
02:50:23,ESX-FUTURE,3110.0,601,3110.0,2370,NOTHING
02:50:24,ESX-FUTURE,3110.0,501,3110.0,2470,NOTHING
02:50:25,ESX-FUTURE,3110.0,623,3110.0,2348,NOTHING
02:50:27,ESX-FUTURE,3110.0,306,3110.0,2665,NOTHING
02:50:28,ESX-FUTURE,3110.0,2253,3110.0,718,NOTHING
02:50:30,ESX-FUTURE,3110.0,2025,3110.0,946,NOTHING
02:50:30,ESX-FUTURE,3110.0,135,3110.0,2836,NOTHING
02:50:32,ESX-FUTURE,3110.0,1567,3110.0,1404,NOTHING
02:50:34,ESX-FUTURE,3110.0,2133,3110.0,838,NOTHING
02:50:35,ESX-FUTURE,3110.0,1967,3110.0,1004,NOTHING
02:50:37,ESX-FUTURE,3110.0,2003,3110.0,968,NOTHING
02:50:38,ESX-FUTURE,3111.0,2542,3111.0,429,NOTHING
02:50:39,ESX-FUTURE,3110.0,1765,3111.0,1206,NOTHING
02:50:40,ESX-FUTURE,3110.0,1984,3111.0,987,NOTHING
02:50:41,ESX-FUTURE,3111.0,2900,3111.0,71,NOTHING
02:50:42,ESX-FUTURE,3111.0,1833,3111.0,1138,NOTHING
02:50:42,ESX-FUTURE,3111.0,2849,3111.0,122,NOTHING
02:50:43,ESX-FUTURE,3111.0,2864,3111.0,107,NOTHING
02:50:45,ESX-FUTURE,3110.0,809,3110.0,2162,NOTHING
02:50:45,ESX-FUTURE,3110.0,1901,3110.0,1070,NOTHING
02:50:46,ESX-FUTURE,3110.0,1481,3110.0,1490,NOTHING
02:50:47,ESX-FUTURE,3110.0,1450,3110.0,1521,NOTHING
02:50:48,ESX-FUTURE,3110.0,1255,3110.0,1716,NOTHING
02:50:49,ESX-FUTURE,3110.0,1911,3110.0,1060,NOTHING
02:50:49,ESX-FUTURE,3110.0,2482,3110.0,489,NOTHING
02:50:49,ESX-FUTURE,3110.0,467,3111.0,2504,NOTHING
02:50:49,ESX-FUTURE,3110.0,2497,3110.0,474,NOTHING
02:50:50,ESX-FUTURE,3111.0,854,3111.0,2117,NOTHING
02:50:51,ESX-FUTURE,3110.0,1987,3111.0,984,NOTHING
02:50:51,ESX-FUTURE,3110.0,2454,3110.0,517,NOTHING
02:50:52,ESX-FUTURE,3109.0,1825,3109.0,1146,NOTHING
02:50:53,ESX-FUTURE,3109.0,1823,3109.0,1148,NOTHING
02:50:55,ESX-FUTURE,3109.0,1479,3109.0,1492,NOTHING
02:50:55,ESX-FUTURE,3109.0,1481,3109.0,1490,NOTHING
02:50:57,ESX-FUTURE,3109.0,568,3109.0,2403,NOTHING
02:50:58,ESX-FUTURE,3109.0,244,3109.0,2727,NOTHING
02:50:59,ESX-FUTURE,3108.0,2373,3109.0,598,NOTHING
02:51:00,ESX-FUTURE,3108.0,2310,3109.0,661,NOTHING
02:51:01,ESX-FUTURE,3108.0,1216,3109.0,1755,NOTHING
02:51:01,ESX-FUTURE,3106.0,1033,3106.0,1938,NOTHING
02:51:03,ESX-FUTURE,3106.0,1720,3106.0,1251,NOTHING
02:51:03,ESX-FUTURE,3106.0,1429,3106.0,1542,NOTHING
02:51:05,ESX-FUTURE,3106.0,1433,3106.0,1538,NOTHING
02:51:06,ESX-FUTURE,3106.0,1522,3106.0,1449,NOTHING
02:51:07,ESX-FUTURE,3106.0,1594,3106.0,1377,NOTHING
02:51:09,ESX-FUTURE,3106.0,728,3106.0,2243,NOTHING
02:51:09,ESX-FUTURE,3106.0,2830,3106.0,141,NOTHING
02:51:11,ESX-FUTURE,3106.0,2849,3106.0,122,NOTHING
02:51:11,ESX-FUTURE,3106.0,462,3106.0,2509,NOTHING
02:51:12,ESX-FUTURE,3105.0,2947,3105.0,24,NOTHING
02:51:12,ESX-FUTURE,3105.0,2947,3105.0,24,NOTHING
02:51:14,ESX-FUTURE,3105.0,798,3106.0,2173,NOTHING
02:51:15,ESX-FUTURE,3105.0,2255,3105.0,716,NOTHING
02:51:16,ESX-FUTURE,3105.0,2300,3105.0,671,NOTHING
02:51:17,ESX-FUTURE,3106.0,401,3106.0,2570,NOTHING
02:51:18,ESX-FUTURE,3106.0,395,3106.0,2576,NOTHING
02:51:18,ESX-FUTURE,3105.0,2682,3106.0,289,NOTHING
02:51:19,ESX-FUTURE,3106.0,2275,3106.0,696,NOTHING
02:51:20,ESX-FUTURE,3106.0,2079,3106.0,892,NOTHING
02:51:21,ESX-FUTURE,3106.0,2065,3106.0,906,NOTHING
02:51:23,ESX-FUTURE,3108.0,2338,3109.0,633,NOTHING
02:51:24,ESX-FUTURE,3108.0,2022,3108.0,949,NOTHING
02:51:25,ESX-FUTURE,3108.0,691,3108.0,2280,NOTHING
02:51:26,ESX-FUTURE,3108.0,2961,3108.0,10,NOTHING
02:51:26,ESX-FUTURE,3108.0,2389,3109.0,582,NOTHING
02:51:27,ESX-FUTURE,3108.0,2380,3109.0,591,NOTHING
02:51:28,ESX-FUTURE,3108.0,2275,3109.0,696,NOTHING
02:51:29,ESX-FUTURE,3108.0,2283,3109.0,688,NOTHING
02:51:31,ESX-FUTURE,3109.0,996,3109.0,1975,NOTHING
02:51:32,ESX-FUTURE,3109.0,99,3109.0,2872,NOTHING
02:51:34,ESX-FUTURE,3108.0,484,3109.0,2487,NOTHING
02:51:35,ESX-FUTURE,3109.0,2082,3109.0,889,NOTHING
02:51:37,ESX-FUTURE,3109.0,336,3109.0,2635,NOTHING
02:51:38,ESX-FUTURE,3109.0,401,3109.0,2570,NOTHING
02:51:39,ESX-FUTURE,3109.0,1119,3109.0,1852,NOTHING
02:51:40,ESX-FUTURE,3109.0,1748,3109.0,1223,NOTHING
02:51:40,ESX-FUTURE,3109.0,1833,3109.0,1138,NOTHING
02:51:42,ESX-FUTURE,3109.0,1804,3109.0,1167,NOTHING
02:51:43,ESX-FUTURE,3109.0,1737,3109.0,1234,NOTHING
02:51:44,ESX-FUTURE,3109.0,1578,3109.0,1393,NOTHING
02:51:44,ESX-FUTURE,3109.0,386,3109.0,2585,NOTHING
02:51:45,ESX-FUTURE,3109.0,1207,3109.0,1764,NOTHING
02:51:46,ESX-FUTURE,3109.0,323,3109.0,2648,NOTHING
02:51:47,ESX-FUTURE,3110.0,1076,3111.0,1895,NOTHING
02:51:47,ESX-FUTURE,3110.0,878,3111.0,2093,NOTHING
02:51:48,ESX-FUTURE,3110.0,1084,3111.0,1887,NOTHING
02:51:49,ESX-FUTURE,3110.0,1000,3111.0,1971,NOTHING
02:51:50,ESX-FUTURE,3110.0,693,3110.0,2278,NOTHING
02:51:51,ESX-FUTURE,3110.0,1664,3110.0,1307,NOTHING
02:51:51,ESX-FUTURE,3110.0,2488,3110.0,483,NOTHING
02:51:52,ESX-FUTURE,3110.0,2499,3110.0,472,NOTHING
02:51:52,ESX-FUTURE,3111.0,477,3111.0,2494,NOTHING
02:51:52,ESX-FUTURE,3109.0,186,3110.0,2785,NOTHING
02:51:53,ESX-FUTURE,3109.0,259,3110.0,2712,NOTHING
02:51:55,ESX-FUTURE,3109.0,1317,3110.0,1654,NOTHING
02:51:56,ESX-FUTURE,3109.0,1335,3110.0,1636,NOTHING
02:51:57,ESX-FUTURE,3109.0,1336,3110.0,1635,NOTHING
02:51:58,ESX-FUTURE,3109.0,1632,3110.0,1339,NOTHING
02:51:58,ESX-FUTURE,3109.0,1495,3110.0,1476,NOTHING
02:51:59,ESX-FUTURE,3109.0,1637,3109.0,1334,NOTHING
02:52:02,ESX-FUTURE,3109.0,2000,3109.0,971,NOTHING
02:52:02,ESX-FUTURE,3109.0,2670,3109.0,301,NOTHING
02:52:05,ESX-FUTURE,3109.0,2560,3109.0,411,NOTHING
02:52:07,ESX-FUTURE,3109.0,2562,3109.0,409,NOTHING
02:52:08,ESX-FUTURE,3109.0,1920,3109.0,1051,NOTHING
02:52:10,ESX-FUTURE,3109.0,1937,3109.0,1034,NOTHING
02:52:11,ESX-FUTURE,3109.0,1962,3109.0,1009,NOTHING
02:52:12,ESX-FUTURE,3108.0,2618,3108.0,353,NOTHING
02:52:13,ESX-FUTURE,3108.0,2725,3108.0,246,NOTHING
02:52:14,ESX-FUTURE,3108.0,1115,3109.0,1856,NOTHING
02:52:15,ESX-FUTURE,3108.0,1064,3109.0,1907,NOTHING
02:52:16,ESX-FUTURE,3109.0,920,3109.0,2051,NOTHING
02:52:16,ESX-FUTURE,3109.0,425,3109.0,2546,NOTHING
02:52:18,ESX-FUTURE,3109.0,603,3109.0,2368,NOTHING
02:52:19,ESX-FUTURE,3109.0,98,3109.0,2873,NOTHING
02:52:20,ESX-FUTURE,3108.0,958,3109.0,2013,NOTHING
02:52:22,ESX-FUTURE,3108.0,1559,3109.0,1412,NOTHING
02:52:23,ESX-FUTURE,3108.0,1432,3109.0,1539,NOTHING
02:52:24,ESX-FUTURE,3108.0,1136,3109.0,1835,NOTHING
02:52:25,ESX-FUTURE,3108.0,2561,3108.0,410,NOTHING
02:52:26,ESX-FUTURE,3108.0,2424,3108.0,547,NOTHING
02:52:27,ESX-FUTURE,3108.0,1208,3108.0,1763,NOTHING
02:52:28,ESX-FUTURE,3108.0,126,3108.0,2845,NOTHING
02:52:29,ESX-FUTURE,3108.0,141,3108.0,2830,NOTHING
02:52:30,ESX-FUTURE,3108.0,1261,3108.0,1710,NOTHING
02:52:31,ESX-FUTURE,3108.0,1264,3108.0,1707,NOTHING
02:52:32,ESX-FUTURE,3108.0,2787,3108.0,184,NOTHING
02:52:33,ESX-FUTURE,3108.0,2140,3108.0,831,NOTHING
02:52:34,ESX-FUTURE,3108.0,2218,3108.0,753,NOTHING
02:52:35,ESX-FUTURE,3108.0,1936,3108.0,1035,NOTHING
02:52:36,ESX-FUTURE,3107.0,1853,3108.0,1118,NOTHING
02:52:37,ESX-FUTURE,3108.0,1068,3109.0,1903,NOTHING
02:52:38,ESX-FUTURE,3108.0,2276,3109.0,695,NOTHING
02:52:39,ESX-FUTURE,3109.0,2028,3109.0,943,NOTHING
02:52:40,ESX-FUTURE,3108.0,2797,3108.0,174,NOTHING
02:52:41,ESX-FUTURE,3108.0,1685,3108.0,1286,NOTHING
02:52:42,ESX-FUTURE,3108.0,2333,3108.0,638,NOTHING
02:52:44,ESX-FUTURE,3108.0,2949,3109.0,22,NOTHING
02:52:44,ESX-FUTURE,3108.0,25,3108.0,2946,NOTHING
02:52:45,ESX-FUTURE,3108.0,107,3108.0,2864,NOTHING
02:52:46,ESX-FUTURE,3111.0,788,3111.0,2183,NOTHING
02:52:48,ESX-FUTURE,3111.0,1066,3111.0,1905,NOTHING
02:52:48,ESX-FUTURE,3111.0,742,3111.0,2229,NOTHING
02:52:49,ESX-FUTURE,3111.0,499,3111.0,2472,NOTHING
02:52:50,ESX-FUTURE,3110.0,424,3111.0,2547,NOTHING
02:52:51,ESX-FUTURE,3110.0,1421,3110.0,1550,NOTHING
02:52:53,ESX-FUTURE,3110.0,385,3110.0,2586,NOTHING
02:52:53,ESX-FUTURE,3111.0,2680,3111.0,291,NOTHING
02:52:55,ESX-FUTURE,3111.0,2667,3111.0,304,NOTHING
02:52:56,ESX-FUTURE,3111.0,268,3111.0,2703,NOTHING
02:52:56,ESX-FUTURE,3110.0,1048,3111.0,1923,NOTHING
02:52:58,ESX-FUTURE,3110.0,2137,3111.0,834,NOTHING
02:52:59,ESX-FUTURE,3111.0,386,3111.0,2585,NOTHING
02:53:00,ESX-FUTURE,3111.0,2696,3111.0,275,NOTHING
02:53:01,ESX-FUTURE,3111.0,186,3111.0,2785,NOTHING
02:53:02,ESX-FUTURE,3111.0,447,3111.0,2524,NOTHING
02:53:03,ESX-FUTURE,3111.0,1330,3111.0,1641,NOTHING
02:53:05,ESX-FUTURE,3111.0,2156,3111.0,815,NOTHING
02:53:05,ESX-FUTURE,3111.0,1630,3111.0,1341,NOTHING
02:53:05,ESX-FUTURE,3111.0,1756,3111.0,1215,NOTHING
02:53:06,ESX-FUTURE,3112.0,2469,3112.0,502,NOTHING
02:53:07,ESX-FUTURE,3112.0,1238,3112.0,1733,NOTHING
02:53:08,ESX-FUTURE,3112.0,1189,3112.0,1782,NOTHING
02:53:09,ESX-FUTURE,3113.0,559,3113.0,2412,NOTHING
02:53:10,ESX-FUTURE,3114.0,320,3114.0,2651,NOTHING
02:53:11,ESX-FUTURE,3113.0,2948,3113.0,23,NOTHING
02:53:11,ESX-FUTURE,3113.0,1039,3113.0,1932,NOTHING
02:53:12,ESX-FUTURE,3112.0,287,3112.0,2684,NOTHING
02:53:13,ESX-FUTURE,3113.0,200,3113.0,2771,NOTHING
02:53:14,ESX-FUTURE,3113.0,1851,3113.0,1120,NOTHING
02:53:15,ESX-FUTURE,3113.0,2127,3113.0,844,NOTHING
02:53:16,ESX-FUTURE,3113.0,989,3113.0,1982,NOTHING
02:53:18,ESX-FUTURE,3113.0,1210,3113.0,1761,NOTHING
02:53:18,ESX-FUTURE,3113.0,1013,3113.0,1958,NOTHING
02:53:19,ESX-FUTURE,3113.0,2499,3113.0,472,NOTHING
02:53:21,ESX-FUTURE,3113.0,1935,3113.0,1036,NOTHING
02:53:22,ESX-FUTURE,3112.0,1640,3113.0,1331,NOTHING
02:53:22,ESX-FUTURE,3112.0,1816,3113.0,1155,NOTHING
02:53:23,ESX-FUTURE,3112.0,1764,3113.0,1207,NOTHING
02:53:24,ESX-FUTURE,3112.0,2886,3113.0,85,NOTHING
02:53:25,ESX-FUTURE,3113.0,2309,3113.0,662,NOTHING
02:53:26,ESX-FUTURE,3113.0,2242,3113.0,729,NOTHING
02:53:27,ESX-FUTURE,3113.0,2838,3113.0,133,NOTHING
02:53:28,ESX-FUTURE,3113.0,2839,3113.0,132,NOTHING
02:53:29,ESX-FUTURE,3116.0,464,3116.0,2507,NOTHING
02:53:29,ESX-FUTURE,3116.0,732,3116.0,2239,NOTHING
02:53:30,ESX-FUTURE,3116.0,2665,3116.0,306,NOTHING
02:53:32,ESX-FUTURE,3116.0,2958,3116.0,13,NOTHING
02:53:33,ESX-FUTURE,3116.0,215,3116.0,2756,NOTHING
02:53:34,ESX-FUTURE,3116.0,1249,3116.0,1722,NOTHING
02:53:36,ESX-FUTURE,3116.0,414,3116.0,2557,NOTHING
02:53:38,ESX-FUTURE,3116.0,1020,3116.0,1951,NOTHING
02:53:38,ESX-FUTURE,3116.0,953,3116.0,2018,NOTHING
02:53:39,ESX-FUTURE,3119.0,2921,3119.0,50,NOTHING
02:53:40,ESX-FUTURE,3119.0,228,3119.0,2743,NOTHING
02:53:41,ESX-FUTURE,3119.0,148,3119.0,2823,NOTHING
02:53:42,ESX-FUTURE,3119.0,161,3119.0,2810,NOTHING
02:53:43,ESX-FUTURE,3119.0,157,3119.0,2814,NOTHING
02:53:43,ESX-FUTURE,3119.0,884,3120.0,2087,NOTHING
02:53:45,ESX-FUTURE,3119.0,2465,3119.0,506,NOTHING
02:53:45,ESX-FUTURE,3119.0,680,3119.0,2291,NOTHING
02:53:47,ESX-FUTURE,3119.0,1491,3119.0,1480,NOTHING
02:53:48,ESX-FUTURE,3119.0,633,3119.0,2338,NOTHING
02:53:48,ESX-FUTURE,3119.0,905,3119.0,2066,NOTHING
02:53:49,ESX-FUTURE,3119.0,104,3119.0,2867,NOTHING
02:53:49,ESX-FUTURE,3119.0,972,3119.0,1999,NOTHING
02:53:50,ESX-FUTURE,3120.0,1335,3121.0,1636,NOTHING
02:53:51,ESX-FUTURE,3120.0,850,3121.0,2121,NOTHING
02:53:51,ESX-FUTURE,3120.0,734,3121.0,2237,NOTHING
02:53:53,ESX-FUTURE,3120.0,1478,3121.0,1493,NOTHING
02:53:53,ESX-FUTURE,3120.0,1634,3121.0,1337,NOTHING
02:53:54,ESX-FUTURE,3120.0,1410,3121.0,1561,NOTHING
02:53:55,ESX-FUTURE,3121.0,2025,3121.0,946,NOTHING
02:53:56,ESX-FUTURE,3121.0,2283,3122.0,688,NOTHING
02:53:57,ESX-FUTURE,3121.0,2385,3122.0,586,NOTHING
02:53:57,ESX-FUTURE,3121.0,1640,3122.0,1331,NOTHING
02:53:58,ESX-FUTURE,3121.0,1099,3121.0,1872,NOTHING
02:54:00,ESX-FUTURE,3118.0,980,3118.0,1991,NOTHING
02:54:01,ESX-FUTURE,3118.0,778,3118.0,2193,NOTHING
02:54:02,ESX-FUTURE,3118.0,2517,3118.0,454,NOTHING
02:54:03,ESX-FUTURE,3118.0,2060,3118.0,911,NOTHING
02:54:04,ESX-FUTURE,3118.0,2024,3118.0,947,NOTHING
02:54:05,ESX-FUTURE,3117.0,2913,3118.0,58,NOTHING
02:54:07,ESX-FUTURE,3117.0,2914,3118.0,57,NOTHING
02:54:08,ESX-FUTURE,3117.0,2928,3118.0,43,NOTHING
02:54:09,ESX-FUTURE,3118.0,304,3118.0,2667,NOTHING
02:54:10,ESX-FUTURE,3115.0,69,3116.0,2902,NOTHING
02:54:11,ESX-FUTURE,3115.0,1100,3115.0,1871,NOTHING
02:54:12,ESX-FUTURE,3116.0,2083,3116.0,888,NOTHING
02:54:13,ESX-FUTURE,3115.0,2389,3116.0,582,NOTHING
02:54:14,ESX-FUTURE,3116.0,407,3116.0,2564,NOTHING
02:54:16,ESX-FUTURE,3115.0,2794,3116.0,177,NOTHING
02:54:17,ESX-FUTURE,3116.0,2898,3116.0,73,NOTHING
02:54:19,ESX-FUTURE,3113.0,293,3113.0,2678,NOTHING
02:54:20,ESX-FUTURE,3113.0,320,3113.0,2651,NOTHING
02:54:21,ESX-FUTURE,3113.0,352,3113.0,2619,NOTHING
02:54:22,ESX-FUTURE,3113.0,1552,3113.0,1419,NOTHING
02:54:22,ESX-FUTURE,3113.0,1106,3113.0,1865,NOTHING
02:54:23,ESX-FUTURE,3113.0,1010,3113.0,1961,NOTHING
02:54:25,ESX-FUTURE,3112.0,2607,3113.0,364,NOTHING
02:54:26,ESX-FUTURE,3112.0,2493,3113.0,478,NOTHING
02:54:27,ESX-FUTURE,3113.0,495,3113.0,2476,NOTHING
02:54:28,ESX-FUTURE,3113.0,1518,3113.0,1453,NOTHING
02:54:28,ESX-FUTURE,3112.0,876,3113.0,2095,NOTHING
02:54:29,ESX-FUTURE,3112.0,2513,3112.0,458,NOTHING
02:54:31,ESX-FUTURE,3112.0,2802,3112.0,169,NOTHING
02:54:31,ESX-FUTURE,3113.0,2311,3114.0,660,NOTHING
02:54:32,ESX-FUTURE,3113.0,2075,3113.0,896,NOTHING
02:54:32,ESX-FUTURE,3113.0,112,3113.0,2859,NOTHING
02:54:34,ESX-FUTURE,3112.0,4,3113.0,2967,NOTHING
02:54:36,ESX-FUTURE,3112.0,157,3113.0,2814,NOTHING
02:54:36,ESX-FUTURE,3112.0,2850,3112.0,121,NOTHING
02:54:38,ESX-FUTURE,3113.0,158,3113.0,2813,NOTHING
02:54:38,ESX-FUTURE,3113.0,625,3113.0,2346,NOTHING
02:54:39,ESX-FUTURE,3113.0,294,3113.0,2677,NOTHING
02:54:40,ESX-FUTURE,3113.0,1766,3113.0,1205,NOTHING
02:54:41,ESX-FUTURE,3113.0,1799,3113.0,1172,NOTHING
02:54:44,ESX-FUTURE,3113.0,501,3113.0,2470,NOTHING
02:54:45,ESX-FUTURE,3113.0,461,3113.0,2510,NOTHING
02:54:47,ESX-FUTURE,3113.0,1001,3113.0,1970,NOTHING
02:54:48,ESX-FUTURE,3113.0,2582,3113.0,389,NOTHING
02:54:50,ESX-FUTURE,3113.0,432,3113.0,2539,NOTHING
02:54:50,ESX-FUTURE,3113.0,323,3113.0,2648,NOTHING
02:54:51,ESX-FUTURE,3114.0,281,3114.0,2690,NOTHING
02:54:53,ESX-FUTURE,3114.0,2014,3115.0,957,NOTHING
02:54:55,ESX-FUTURE,3114.0,1932,3115.0,1039,NOTHING
02:54:56,ESX-FUTURE,3114.0,1862,3115.0,1109,NOTHING
02:54:57,ESX-FUTURE,3115.0,720,3115.0,2251,NOTHING
02:54:58,ESX-FUTURE,3115.0,1933,3115.0,1038,NOTHING
02:54:58,ESX-FUTURE,3114.0,2677,3115.0,294,NOTHING
02:54:59,ESX-FUTURE,3115.0,1109,3115.0,1862,NOTHING
02:55:01,ESX-FUTURE,3115.0,1092,3115.0,1879,NOTHING
02:55:01,ESX-FUTURE,3115.0,1103,3115.0,1868,NOTHING
02:55:02,ESX-FUTURE,3115.0,580,3115.0,2391,NOTHING
02:55:03,ESX-FUTURE,3114.0,97,3114.0,2874,NOTHING
02:55:05,ESX-FUTURE,3114.0,1252,3114.0,1719,NOTHING
02:55:06,ESX-FUTURE,3113.0,2451,3114.0,520,NOTHING
02:55:07,ESX-FUTURE,3113.0,1485,3114.0,1486,NOTHING
02:55:08,ESX-FUTURE,3113.0,1818,3114.0,1153,NOTHING
02:55:09,ESX-FUTURE,3113.0,1271,3114.0,1700,NOTHING
02:55:11,ESX-FUTURE,3113.0,1113,3114.0,1858,NOTHING
02:55:11,ESX-FUTURE,3113.0,1372,3114.0,1599,NOTHING
02:55:12,ESX-FUTURE,3113.0,1724,3114.0,1247,NOTHING
02:55:13,ESX-FUTURE,3113.0,1450,3114.0,1521,NOTHING
02:55:14,ESX-FUTURE,3114.0,289,3114.0,2682,NOTHING
02:55:14,ESX-FUTURE,3114.0,1162,3114.0,1809,NOTHING
02:55:15,ESX-FUTURE,3114.0,1475,3114.0,1496,NOTHING
02:55:16,ESX-FUTURE,3114.0,1071,3114.0,1900,NOTHING
02:55:17,ESX-FUTURE,3112.0,2243,3112.0,728,NOTHING
02:55:18,ESX-FUTURE,3112.0,745,3112.0,2226,NOTHING
02:55:18,ESX-FUTURE,3112.0,1026,3112.0,1945,NOTHING
02:55:19,ESX-FUTURE,3112.0,1028,3112.0,1943,NOTHING
02:55:21,ESX-FUTURE,3112.0,2513,3112.0,458,NOTHING
02:55:21,ESX-FUTURE,3112.0,2349,3112.0,622,NOTHING
02:55:22,ESX-FUTURE,3112.0,772,3112.0,2199,NOTHING
02:55:24,ESX-FUTURE,3112.0,1518,3112.0,1453,NOTHING
02:55:25,ESX-FUTURE,3112.0,399,3112.0,2572,NOTHING
02:55:25,ESX-FUTURE,3113.0,621,3113.0,2350,NOTHING
02:55:27,ESX-FUTURE,3113.0,700,3113.0,2271,NOTHING
02:55:27,ESX-FUTURE,3113.0,690,3114.0,2281,NOTHING
02:55:29,ESX-FUTURE,3113.0,122,3114.0,2849,NOTHING
02:55:30,ESX-FUTURE,3114.0,2589,3114.0,382,NOTHING
02:55:31,ESX-FUTURE,3114.0,2590,3114.0,381,NOTHING
02:55:33,ESX-FUTURE,3114.0,235,3115.0,2736,NOTHING
02:55:34,ESX-FUTURE,3114.0,301,3115.0,2670,NOTHING
02:55:34,ESX-FUTURE,3114.0,302,3115.0,2669,NOTHING
02:55:35,ESX-FUTURE,3114.0,307,3115.0,2664,NOTHING
02:55:35,ESX-FUTURE,3114.0,2041,3114.0,930,NOTHING
02:55:37,ESX-FUTURE,3115.0,1980,3115.0,991,NOTHING
02:55:38,ESX-FUTURE,3115.0,1976,3115.0,995,NOTHING
02:55:39,ESX-FUTURE,3115.0,1754,3115.0,1217,NOTHING
02:55:40,ESX-FUTURE,3115.0,1912,3115.0,1059,NOTHING
02:55:41,ESX-FUTURE,3115.0,799,3115.0,2172,NOTHING
02:55:42,ESX-FUTURE,3118.0,1004,3118.0,1967,NOTHING
02:55:43,ESX-FUTURE,3118.0,1800,3118.0,1171,NOTHING
02:55:44,ESX-FUTURE,3118.0,1555,3118.0,1416,NOTHING
02:55:45,ESX-FUTURE,3118.0,2411,3118.0,560,NOTHING
02:55:46,ESX-FUTURE,3118.0,2035,3118.0,936,NOTHING
02:55:46,ESX-FUTURE,3118.0,2179,3118.0,792,NOTHING
02:55:47,ESX-FUTURE,3118.0,1866,3118.0,1105,NOTHING
02:55:47,ESX-FUTURE,3118.0,1621,3118.0,1350,NOTHING
02:55:47,ESX-FUTURE,3119.0,1189,3119.0,1782,NOTHING
02:55:48,ESX-FUTURE,3118.0,1507,3118.0,1464,NOTHING
02:55:49,ESX-FUTURE,3117.0,2365,3118.0,606,NOTHING
02:55:51,ESX-FUTURE,3117.0,665,3118.0,2306,NOTHING
02:55:52,ESX-FUTURE,3117.0,2600,3118.0,371,NOTHING
02:55:53,ESX-FUTURE,3117.0,1198,3118.0,1773,NOTHING
02:55:54,ESX-FUTURE,3117.0,1246,3118.0,1725,NOTHING
02:55:54,ESX-FUTURE,3117.0,2136,3118.0,835,NOTHING
02:55:55,ESX-FUTURE,3117.0,2128,3118.0,843,NOTHING
02:55:55,ESX-FUTURE,3118.0,2229,3118.0,742,NOTHING
02:55:56,ESX-FUTURE,3119.0,1283,3119.0,1688,NOTHING
02:55:58,ESX-FUTURE,3119.0,2106,3119.0,865,NOTHING
02:55:59,ESX-FUTURE,3117.0,27,3117.0,2944,NOTHING
02:56:01,ESX-FUTURE,3117.0,260,3117.0,2711,NOTHING
02:56:02,ESX-FUTURE,3116.0,2592,3117.0,379,NOTHING
02:56:02,ESX-FUTURE,3118.0,2344,3118.0,627,NOTHING
02:56:03,ESX-FUTURE,3119.0,927,3119.0,2044,NOTHING
02:56:05,ESX-FUTURE,3119.0,88,3119.0,2883,NOTHING
02:56:05,ESX-FUTURE,3118.0,2965,3119.0,6,NOTHING
02:56:06,ESX-FUTURE,3119.0,1806,3119.0,1165,NOTHING
02:56:07,ESX-FUTURE,3119.0,1053,3120.0,1918,NOTHING
02:56:09,ESX-FUTURE,3119.0,1697,3119.0,1274,NOTHING
02:56:09,ESX-FUTURE,3119.0,1678,3119.0,1293,NOTHING
02:56:10,ESX-FUTURE,3119.0,42,3119.0,2929,NOTHING
02:56:11,ESX-FUTURE,3119.0,1397,3119.0,1574,NOTHING
02:56:13,ESX-FUTURE,3119.0,1275,3119.0,1696,NOTHING
02:56:13,ESX-FUTURE,3119.0,578,3119.0,2393,NOTHING
02:56:14,ESX-FUTURE,3119.0,1983,3119.0,988,NOTHING
02:56:15,ESX-FUTURE,3119.0,704,3119.0,2267,NOTHING
02:56:17,ESX-FUTURE,3118.0,1065,3119.0,1906,NOTHING
02:56:19,ESX-FUTURE,3119.0,1406,3119.0,1565,NOTHING
02:56:20,ESX-FUTURE,3119.0,453,3119.0,2518,NOTHING
02:56:22,ESX-FUTURE,3119.0,328,3119.0,2643,NOTHING
02:56:22,ESX-FUTURE,3119.0,1000,3119.0,1971,NOTHING
02:56:24,ESX-FUTURE,3119.0,547,3120.0,2424,NOTHING
02:56:25,ESX-FUTURE,3119.0,578,3120.0,2393,NOTHING
02:56:26,ESX-FUTURE,3119.0,1292,3120.0,1679,NOTHING
02:56:27,ESX-FUTURE,3119.0,1986,3119.0,985,NOTHING
02:56:28,ESX-FUTURE,3119.0,620,3119.0,2351,NOTHING
02:56:29,ESX-FUTURE,3119.0,277,3119.0,2694,NOTHING
02:56:29,ESX-FUTURE,3118.0,2611,3119.0,360,NOTHING
02:56:32,ESX-FUTURE,3118.0,2558,3119.0,413,NOTHING
02:56:33,ESX-FUTURE,3118.0,2301,3119.0,670,NOTHING
02:56:34,ESX-FUTURE,3118.0,2496,3119.0,475,NOTHING
02:56:36,ESX-FUTURE,3118.0,1472,3119.0,1499,NOTHING
02:56:36,ESX-FUTURE,3118.0,2672,3119.0,299,NOTHING
02:56:38,ESX-FUTURE,3115.0,1464,3116.0,1507,NOTHING
02:56:39,ESX-FUTURE,3115.0,2931,3115.0,40,NOTHING
02:56:40,ESX-FUTURE,3115.0,592,3116.0,2379,NOTHING
02:56:41,ESX-FUTURE,3116.0,723,3116.0,2248,NOTHING
02:56:42,ESX-FUTURE,3116.0,778,3116.0,2193,NOTHING
02:56:42,ESX-FUTURE,3116.0,1337,3116.0,1634,NOTHING
02:56:43,ESX-FUTURE,3115.0,2119,3116.0,852,NOTHING
02:56:45,ESX-FUTURE,3115.0,2146,3116.0,825,NOTHING
02:56:45,ESX-FUTURE,3115.0,2173,3116.0,798,NOTHING
02:56:47,ESX-FUTURE,3115.0,2420,3115.0,551,NOTHING
02:56:47,ESX-FUTURE,3115.0,2849,3115.0,122,NOTHING
02:56:50,ESX-FUTURE,3115.0,1831,3115.0,1140,NOTHING
02:56:52,ESX-FUTURE,3115.0,209,3116.0,2762,NOTHING
02:56:52,ESX-FUTURE,3115.0,189,3116.0,2782,NOTHING
02:56:53,ESX-FUTURE,3115.0,2094,3116.0,877,NOTHING
02:56:55,ESX-FUTURE,3115.0,812,3115.0,2159,NOTHING
02:56:56,ESX-FUTURE,3115.0,1717,3116.0,1254,NOTHING
02:56:57,ESX-FUTURE,3116.0,1180,3117.0,1791,NOTHING
02:56:57,ESX-FUTURE,3116.0,2449,3116.0,522,NOTHING
02:56:59,ESX-FUTURE,3113.0,2465,3113.0,506,NOTHING
02:57:00,ESX-FUTURE,3113.0,682,3113.0,2289,NOTHING
02:57:00,ESX-FUTURE,3113.0,1475,3113.0,1496,NOTHING
02:57:02,ESX-FUTURE,3113.0,1744,3113.0,1227,NOTHING
02:57:02,ESX-FUTURE,3113.0,1745,3113.0,1226,NOTHING
02:57:03,ESX-FUTURE,3113.0,1753,3113.0,1218,NOTHING
02:57:04,ESX-FUTURE,3113.0,1372,3113.0,1599,NOTHING
02:57:05,ESX-FUTURE,3113.0,1592,3113.0,1379,NOTHING
02:57:06,ESX-FUTURE,3113.0,277,3113.0,2694,NOTHING
02:57:06,ESX-FUTURE,3113.0,316,3113.0,2655,NOTHING
02:57:08,ESX-FUTURE,3113.0,996,3113.0,1975,NOTHING
02:57:09,ESX-FUTURE,3113.0,753,3113.0,2218,NOTHING
02:57:10,ESX-FUTURE,3117.0,1122,3117.0,1849,NOTHING
02:57:11,ESX-FUTURE,3117.0,1109,3117.0,1862,NOTHING
02:57:13,ESX-FUTURE,3117.0,1100,3117.0,1871,NOTHING
02:57:13,ESX-FUTURE,3116.0,1687,3116.0,1284,NOTHING
02:57:14,ESX-FUTURE,3116.0,1686,3116.0,1285,NOTHING
02:57:14,ESX-FUTURE,3116.0,1687,3116.0,1284,NOTHING
02:57:15,ESX-FUTURE,3116.0,1694,3116.0,1277,NOTHING
02:57:17,ESX-FUTURE,3116.0,266,3116.0,2705,NOTHING
02:57:18,ESX-FUTURE,3116.0,27,3116.0,2944,NOTHING
02:57:18,ESX-FUTURE,3116.0,6,3116.0,2965,NOTHING
02:57:19,ESX-FUTURE,3114.0,1587,3114.0,1384,NOTHING
02:57:20,ESX-FUTURE,3114.0,1691,3114.0,1280,NOTHING
02:57:21,ESX-FUTURE,3113.0,1736,3113.0,1235,NOTHING
02:57:23,ESX-FUTURE,3113.0,663,3114.0,2308,NOTHING
02:57:23,ESX-FUTURE,3114.0,1387,3114.0,1584,NOTHING
02:57:25,ESX-FUTURE,3114.0,2534,3114.0,437,NOTHING
02:57:26,ESX-FUTURE,3114.0,994,3114.0,1977,NOTHING
02:57:26,ESX-FUTURE,3114.0,1176,3114.0,1795,NOTHING
02:57:27,ESX-FUTURE,3114.0,1711,3114.0,1260,NOTHING
02:57:27,ESX-FUTURE,3112.0,1660,3113.0,1311,NOTHING
02:57:28,ESX-FUTURE,3112.0,1058,3113.0,1913,NOTHING
02:57:31,ESX-FUTURE,3112.0,1017,3113.0,1954,NOTHING
02:57:32,ESX-FUTURE,3112.0,1080,3113.0,1891,NOTHING
02:57:32,ESX-FUTURE,3113.0,1212,3113.0,1759,NOTHING
02:57:33,ESX-FUTURE,3113.0,1843,3113.0,1128,NOTHING
02:57:33,ESX-FUTURE,3113.0,1374,3113.0,1597,NOTHING
02:57:34,ESX-FUTURE,3112.0,2381,3113.0,590,NOTHING
02:57:35,ESX-FUTURE,3113.0,2065,3113.0,906,NOTHING
02:57:37,ESX-FUTURE,3113.0,2183,3113.0,788,NOTHING
02:57:37,ESX-FUTURE,3113.0,2136,3113.0,835,NOTHING
02:57:38,ESX-FUTURE,3113.0,1771,3113.0,1200,NOTHING
02:57:38,ESX-FUTURE,3113.0,1255,3113.0,1716,NOTHING
02:57:40,ESX-FUTURE,3113.0,553,3113.0,2418,NOTHING
02:57:41,ESX-FUTURE,3113.0,2912,3113.0,59,NOTHING
02:57:42,ESX-FUTURE,3113.0,1690,3114.0,1281,NOTHING
02:57:43,ESX-FUTURE,3111.0,2179,3111.0,792,NOTHING
02:57:45,ESX-FUTURE,3111.0,892,3111.0,2079,NOTHING
02:57:46,ESX-FUTURE,3111.0,1850,3111.0,1121,NOTHING
02:57:46,ESX-FUTURE,3111.0,1027,3111.0,1944,NOTHING
02:57:49,ESX-FUTURE,3111.0,1040,3111.0,1931,NOTHING
02:57:50,ESX-FUTURE,3111.0,1219,3111.0,1752,NOTHING
02:57:51,ESX-FUTURE,3111.0,250,3111.0,2721,NOTHING
02:57:53,ESX-FUTURE,3110.0,191,3111.0,2780,NOTHING
02:57:54,ESX-FUTURE,3111.0,95,3111.0,2876,NOTHING
02:57:56,ESX-FUTURE,3110.0,637,3110.0,2334,NOTHING
02:57:56,ESX-FUTURE,3110.0,340,3110.0,2631,NOTHING
02:57:58,ESX-FUTURE,3110.0,474,3110.0,2497,NOTHING
02:57:59,ESX-FUTURE,3110.0,104,3110.0,2867,NOTHING
02:58:00,ESX-FUTURE,3110.0,2893,3110.0,78,NOTHING
02:58:01,ESX-FUTURE,3110.0,2774,3110.0,197,NOTHING
02:58:02,ESX-FUTURE,3110.0,2703,3111.0,268,NOTHING
02:58:04,ESX-FUTURE,3111.0,2077,3111.0,894,NOTHING
02:58:04,ESX-FUTURE,3111.0,2076,3111.0,895,NOTHING
02:58:05,ESX-FUTURE,3111.0,2077,3111.0,894,NOTHING
02:58:06,ESX-FUTURE,3111.0,778,3111.0,2193,NOTHING
02:58:07,ESX-FUTURE,3110.0,2563,3110.0,408,NOTHING
02:58:08,ESX-FUTURE,3110.0,1885,3111.0,1086,NOTHING
02:58:09,ESX-FUTURE,3110.0,150,3111.0,2821,NOTHING
02:58:11,ESX-FUTURE,3111.0,1116,3111.0,1855,NOTHING
02:58:12,ESX-FUTURE,3111.0,1040,3111.0,1931,NOTHING
02:58:13,ESX-FUTURE,3111.0,2007,3111.0,964,NOTHING
02:58:14,ESX-FUTURE,3111.0,1813,3111.0,1158,NOTHING
02:58:16,ESX-FUTURE,3111.0,1093,3111.0,1878,NOTHING
02:58:17,ESX-FUTURE,3111.0,403,3111.0,2568,NOTHING
02:58:18,ESX-FUTURE,3111.0,867,3111.0,2104,NOTHING
02:58:20,ESX-FUTURE,3111.0,867,3111.0,2104,NOTHING
02:58:20,ESX-FUTURE,3111.0,2609,3111.0,362,NOTHING
02:58:22,ESX-FUTURE,3111.0,1522,3111.0,1449,NOTHING
02:58:24,ESX-FUTURE,3113.0,2804,3113.0,167,NOTHING
02:58:25,ESX-FUTURE,3113.0,2625,3113.0,346,NOTHING
02:58:27,ESX-FUTURE,3113.0,616,3113.0,2355,NOTHING
02:58:28,ESX-FUTURE,3113.0,618,3113.0,2353,NOTHING
02:58:29,ESX-FUTURE,3113.0,445,3113.0,2526,NOTHING
02:58:30,ESX-FUTURE,3113.0,676,3113.0,2295,NOTHING
02:58:32,ESX-FUTURE,3113.0,599,3113.0,2372,NOTHING
02:58:32,ESX-FUTURE,3113.0,601,3113.0,2370,NOTHING
02:58:33,ESX-FUTURE,3113.0,602,3113.0,2369,NOTHING
02:58:33,ESX-FUTURE,3113.0,2026,3113.0,945,NOTHING
02:58:35,ESX-FUTURE,3113.0,2021,3113.0,950,NOTHING
02:58:35,ESX-FUTURE,3112.0,2479,3112.0,492,NOTHING
02:58:36,ESX-FUTURE,3112.0,2500,3112.0,471,NOTHING
02:58:38,ESX-FUTURE,3113.0,1432,3113.0,1539,NOTHING
02:58:40,ESX-FUTURE,3113.0,1388,3113.0,1583,NOTHING
02:58:41,ESX-FUTURE,3112.0,67,3113.0,2904,NOTHING
02:58:42,ESX-FUTURE,3112.0,38,3113.0,2933,NOTHING
02:58:43,ESX-FUTURE,3112.0,2823,3112.0,148,NOTHING
02:58:45,ESX-FUTURE,3112.0,768,3112.0,2203,NOTHING
02:58:46,ESX-FUTURE,3112.0,2446,3112.0,525,NOTHING
02:58:47,ESX-FUTURE,3112.0,1010,3113.0,1961,NOTHING
02:58:48,ESX-FUTURE,3111.0,2674,3112.0,297,NOTHING
02:58:50,ESX-FUTURE,3111.0,2663,3112.0,308,NOTHING
02:58:51,ESX-FUTURE,3112.0,1166,3112.0,1805,NOTHING
02:58:51,ESX-FUTURE,3111.0,2390,3112.0,581,NOTHING
02:58:52,ESX-FUTURE,3114.0,2810,3115.0,161,NOTHING
02:58:54,ESX-FUTURE,3114.0,2855,3115.0,116,NOTHING
02:58:55,ESX-FUTURE,3114.0,2557,3115.0,414,NOTHING
02:58:56,ESX-FUTURE,3113.0,1614,3113.0,1357,NOTHING
02:58:58,ESX-FUTURE,3113.0,1372,3113.0,1599,NOTHING
02:58:59,ESX-FUTURE,3113.0,224,3114.0,2747,NOTHING
02:59:02,ESX-FUTURE,3113.0,1690,3113.0,1281,NOTHING
02:59:02,ESX-FUTURE,3113.0,2764,3113.0,207,NOTHING
02:59:03,ESX-FUTURE,3112.0,2557,3113.0,414,NOTHING
02:59:04,ESX-FUTURE,3112.0,1790,3113.0,1181,NOTHING
02:59:05,ESX-FUTURE,3113.0,817,3113.0,2154,NOTHING
02:59:06,ESX-FUTURE,3113.0,382,3113.0,2589,NOTHING
02:59:06,ESX-FUTURE,3113.0,340,3113.0,2631,NOTHING
02:59:08,ESX-FUTURE,3113.0,341,3113.0,2630,NOTHING
02:59:10,ESX-FUTURE,3113.0,339,3113.0,2632,NOTHING
02:59:12,ESX-FUTURE,3113.0,678,3113.0,2293,NOTHING
02:59:13,ESX-FUTURE,3112.0,1420,3112.0,1551,NOTHING
02:59:13,ESX-FUTURE,3112.0,863,3112.0,2108,NOTHING
02:59:14,ESX-FUTURE,3112.0,1592,3112.0,1379,NOTHING
02:59:16,ESX-FUTURE,3112.0,112,3112.0,2859,NOTHING
02:59:16,ESX-FUTURE,3111.0,825,3112.0,2146,NOTHING
02:59:17,ESX-FUTURE,3112.0,2864,3112.0,107,NOTHING
02:59:18,ESX-FUTURE,3112.0,2903,3112.0,68,NOTHING
02:59:19,ESX-FUTURE,3112.0,835,3112.0,2136,NOTHING
02:59:20,ESX-FUTURE,3112.0,910,3112.0,2061,NOTHING
02:59:22,ESX-FUTURE,3112.0,2545,3112.0,426,NOTHING
02:59:23,ESX-FUTURE,3113.0,1041,3113.0,1930,NOTHING
02:59:25,ESX-FUTURE,3113.0,1048,3113.0,1923,NOTHING
02:59:25,ESX-FUTURE,3113.0,2351,3113.0,620,NOTHING
02:59:26,ESX-FUTURE,3113.0,1760,3113.0,1211,NOTHING
02:59:26,ESX-FUTURE,3113.0,2545,3113.0,426,NOTHING
