Timestamp,Traded Instrument,Traded Side,Traded Price,Traded Volume
18:35:28,ESX-FUTURE,BID,3085.0,2206
18:35:28,ESX-FUTURE,BID,3085.0,87
18:35:29,SP-FUTURE,BID,3000.0,438
18:35:30,ESX-FUTURE,ASK,3085.0,76
18:35:30,ESX-FUTURE,ASK,3085.0,241
18:35:30,SP-FUTURE,ASK,3000.0,521
18:35:30,ESX-FUTURE,ASK,3085.0,368
18:35:31,ESX-FUTURE,ASK,3085.0,157
18:35:31,SP-FUTURE,BID,3000.0,126
18:35:32,ESX-FUTURE,BID,3085.0,837
18:35:33,SP-FUTURE,BID,3000.0,220
18:35:33,ESX-FUTURE,ASK,3085.0,348
18:35:34,SP-FUTURE,ASK,3000.0,978
18:35:35,ESX-FUTURE,BID,3085.0,727
18:35:35,SP-FUTURE,ASK,3000.0,340
18:35:35,ESX-FUTURE,ASK,3085.0,1856
18:35:36,ESX-FUTURE,BID,3085.0,39
18:35:36,SP-FUTURE,BID,3000.0,959
18:35:37,SP-FUTURE,BID,3000.0,4
18:35:37,ESX-FUTURE,BID,3085.0,13
18:35:37,SP-FUTURE,ASK,3000.0,94
18:35:38,SP-FUTURE,ASK,3000.0,306
18:35:39,ESX-FUTURE,BID,3085.0,226
18:35:39,SP-FUTURE,ASK,3000.0,65
18:35:39,ESX-FUTURE,ASK,3085.0,2574
18:35:40,ESX-FUTURE,BID,3085.0,87
18:35:41,SP-FUTURE,ASK,3004.0,554
18:35:41,ESX-FUTURE,BID,3085.0,57
18:35:43,SP-FUTURE,BID,3004.0,1096
18:35:43,ESX-FUTURE,ASK,3084.0,20
18:35:44,SP-FUTURE,BID,3004.0,160
18:35:45,ESX-FUTURE,ASK,3084.0,317
18:35:45,SP-FUTURE,BID,3004.0,1050
18:35:45,SP-FUTURE,ASK,3004.0,261
18:35:46,ESX-FUTURE,BID,3084.0,20
18:35:47,ESX-FUTURE,ASK,3084.0,47
18:35:47,SP-FUTURE,ASK,3004.0,249
18:35:48,SP-FUTURE,ASK,3004.0,77
18:35:48,ESX-FUTURE,ASK,3084.0,32
18:35:49,ESX-FUTURE,ASK,3084.0,46
18:35:49,ESX-FUTURE,ASK,3084.0,151
18:35:49,ESX-FUTURE,BID,3084.0,397
18:35:49,SP-FUTURE,BID,3004.0,849
18:35:50,SP-FUTURE,BID,3004.0,219
18:35:50,ESX-FUTURE,ASK,3084.0,2100
18:35:51,SP-FUTURE,ASK,3005.0,356
18:35:51,SP-FUTURE,BID,3004.0,997
18:35:52,SP-FUTURE,BID,3004.0,173
18:35:52,ESX-FUTURE,BID,3083.0,47
18:35:52,SP-FUTURE,BID,3004.0,28
18:35:53,ESX-FUTURE,BID,3083.0,16
18:35:54,ESX-FUTURE,BID,3083.0,127
18:35:54,SP-FUTURE,ASK,3005.0,91
18:35:55,ESX-FUTURE,BID,3083.0,150
18:35:56,SP-FUTURE,ASK,3005.0,782
18:35:56,ESX-FUTURE,BID,3083.0,243
18:35:56,SP-FUTURE,ASK,3004.0,241
18:35:57,ESX-FUTURE,ASK,3083.0,1517
18:35:57,SP-FUTURE,BID,3006.0,12
18:35:57,ESX-FUTURE,BID,3083.0,179
18:35:58,ESX-FUTURE,BID,3083.0,1223
18:35:58,SP-FUTURE,BID,3005.0,408
18:35:58,ESX-FUTURE,ASK,3083.0,820
18:35:59,ESX-FUTURE,BID,3083.0,202
18:35:59,ESX-FUTURE,BID,3083.0,93
18:35:59,SP-FUTURE,ASK,3005.0,833
18:36:01,SP-FUTURE,BID,3005.0,432
18:36:01,ESX-FUTURE,ASK,3083.0,11
18:36:02,SP-FUTURE,BID,3005.0,868
18:36:03,SP-FUTURE,ASK,3005.0,504
18:36:03,ESX-FUTURE,BID,3083.0,160
18:36:03,SP-FUTURE,ASK,3005.0,901
18:36:04,ESX-FUTURE,ASK,3084.0,192
18:36:04,SP-FUTURE,BID,3005.0,1358
18:36:05,ESX-FUTURE,ASK,3083.0,1117
18:36:05,SP-FUTURE,ASK,3006.0,1486
18:36:06,ESX-FUTURE,BID,3083.0,114
18:36:06,SP-FUTURE,BID,3006.0,30
18:36:07,ESX-FUTURE,ASK,3083.0,66
18:36:08,SP-FUTURE,BID,3006.0,115
18:36:09,SP-FUTURE,BID,3006.0,142
18:36:09,ESX-FUTURE,ASK,3083.0,561
18:36:10,ESX-FUTURE,BID,3083.0,555
18:36:10,SP-FUTURE,ASK,3006.0,800
18:36:10,ESX-FUTURE,ASK,3083.0,948
18:36:11,ESX-FUTURE,BID,3083.0,346
18:36:11,SP-FUTURE,ASK,3007.0,146
18:36:11,ESX-FUTURE,ASK,3083.0,163
18:36:12,SP-FUTURE,BID,3007.0,3
18:36:12,ESX-FUTURE,BID,3083.0,610
18:36:13,SP-FUTURE,BID,3006.0,3
18:36:14,ESX-FUTURE,ASK,3083.0,180
18:36:14,SP-FUTURE,BID,3006.0,335
18:36:14,ESX-FUTURE,ASK,3083.0,778
18:36:15,SP-FUTURE,BID,3007.0,397
18:36:16,ESX-FUTURE,BID,3083.0,1741
18:36:17,SP-FUTURE,BID,3005.0,243
18:36:17,ESX-FUTURE,ASK,3083.0,93
18:36:17,SP-FUTURE,ASK,3006.0,739
18:36:18,ESX-FUTURE,ASK,3083.0,598
18:36:18,ESX-FUTURE,BID,3083.0,899
18:36:19,SP-FUTURE,BID,3005.0,114
18:36:19,ESX-FUTURE,ASK,3083.0,636
18:36:20,SP-FUTURE,BID,3005.0,68
18:36:20,SP-FUTURE,BID,3005.0,194
18:36:20,ESX-FUTURE,BID,3083.0,33
18:36:21,SP-FUTURE,BID,3005.0,54
18:36:21,SP-FUTURE,BID,3005.0,84
18:36:22,ESX-FUTURE,ASK,3083.0,64
18:36:22,ESX-FUTURE,BID,3083.0,234
18:36:22,SP-FUTURE,ASK,3006.0,1342
18:36:23,SP-FUTURE,ASK,3006.0,302
18:36:23,ESX-FUTURE,BID,3083.0,749
18:36:24,SP-FUTURE,ASK,3005.0,514
18:36:24,ESX-FUTURE,BID,3083.0,1469
18:36:25,ESX-FUTURE,BID,3083.0,320
18:36:25,ESX-FUTURE,BID,3083.0,573
18:36:26,SP-FUTURE,ASK,3004.0,446
18:36:26,ESX-FUTURE,ASK,3084.0,197
18:36:27,SP-FUTURE,BID,3004.0,39
18:36:27,ESX-FUTURE,ASK,3084.0,373
18:36:27,SP-FUTURE,ASK,3005.0,609
18:36:28,ESX-FUTURE,ASK,3084.0,256
18:36:29,SP-FUTURE,ASK,3005.0,188
18:36:29,SP-FUTURE,ASK,3005.0,1436
18:36:30,SP-FUTURE,ASK,3005.0,477
18:36:30,ESX-FUTURE,BID,3084.0,236
18:36:30,SP-FUTURE,BID,3004.0,568
18:36:30,ESX-FUTURE,ASK,3084.0,688
18:36:31,SP-FUTURE,BID,3005.0,893
18:36:32,ESX-FUTURE,BID,3083.0,1064
18:36:33,SP-FUTURE,ASK,3005.0,1411
18:36:33,ESX-FUTURE,BID,3084.0,183
18:36:33,ESX-FUTURE,ASK,3084.0,168
18:36:34,ESX-FUTURE,ASK,3084.0,100
18:36:34,SP-FUTURE,ASK,3005.0,18
18:36:35,ESX-FUTURE,ASK,3084.0,1197
18:36:35,SP-FUTURE,ASK,3005.0,339
18:36:35,ESX-FUTURE,ASK,3084.0,1057
18:36:36,SP-FUTURE,ASK,3006.0,500
18:36:37,SP-FUTURE,BID,3006.0,1
18:36:37,ESX-FUTURE,ASK,3084.0,175
18:36:38,SP-FUTURE,ASK,3006.0,1007
18:36:38,ESX-FUTURE,ASK,3085.0,319
18:36:39,ESX-FUTURE,ASK,3085.0,179
18:36:39,SP-FUTURE,BID,3006.0,11
18:36:39,ESX-FUTURE,BID,3084.0,650
18:36:40,SP-FUTURE,ASK,3006.0,246
18:36:41,ESX-FUTURE,ASK,3085.0,1418
18:36:41,SP-FUTURE,ASK,3006.0,49
18:36:42,ESX-FUTURE,BID,3085.0,305
18:36:43,ESX-FUTURE,BID,3085.0,138
18:36:43,SP-FUTURE,BID,3006.0,319
18:36:44,ESX-FUTURE,ASK,3085.0,223
18:36:44,SP-FUTURE,BID,3006.0,45
18:36:45,SP-FUTURE,ASK,3006.0,403
18:36:45,SP-FUTURE,BID,3006.0,238
18:36:46,ESX-FUTURE,BID,3084.0,1202
18:36:46,ESX-FUTURE,BID,3084.0,119
18:36:47,SP-FUTURE,ASK,3006.0,65
18:36:47,ESX-FUTURE,BID,3084.0,315
18:36:47,SP-FUTURE,BID,3005.0,19
18:36:48,SP-FUTURE,ASK,3006.0,471
18:36:49,ESX-FUTURE,BID,3085.0,438
18:36:50,ESX-FUTURE,BID,3085.0,28
18:36:50,ESX-FUTURE,ASK,3085.0,2181
18:36:50,SP-FUTURE,ASK,3007.0,73
18:36:51,SP-FUTURE,ASK,3007.0,676
18:36:51,SP-FUTURE,ASK,3007.0,173
18:36:51,ESX-FUTURE,BID,3085.0,154
18:36:52,ESX-FUTURE,BID,3085.0,1160
18:36:53,SP-FUTURE,BID,3006.0,355
18:36:53,SP-FUTURE,BID,3006.0,138
18:36:53,ESX-FUTURE,BID,3085.0,216
18:36:54,ESX-FUTURE,ASK,3085.0,285
18:36:55,SP-FUTURE,BID,3006.0,1092
18:36:55,ESX-FUTURE,ASK,3085.0,827
18:36:56,ESX-FUTURE,BID,3085.0,3
18:36:57,SP-FUTURE,BID,3006.0,1523
18:36:57,ESX-FUTURE,ASK,3084.0,209
18:36:58,SP-FUTURE,BID,3006.0,123
18:36:58,SP-FUTURE,BID,3006.0,222
18:36:59,ESX-FUTURE,ASK,3084.0,288
18:36:59,ESX-FUTURE,ASK,3084.0,2307
18:37:00,SP-FUTURE,BID,3009.0,373
18:37:00,ESX-FUTURE,ASK,3084.0,73
18:37:00,ESX-FUTURE,BID,3084.0,689
18:37:01,SP-FUTURE,BID,3008.0,254
18:37:02,ESX-FUTURE,BID,3084.0,75
18:37:02,SP-FUTURE,BID,3008.0,165
18:37:03,ESX-FUTURE,BID,3084.0,144
18:37:03,SP-FUTURE,BID,3008.0,207
18:37:03,SP-FUTURE,BID,3008.0,124
18:37:04,ESX-FUTURE,ASK,3084.0,199
18:37:04,SP-FUTURE,BID,3008.0,206
18:37:06,SP-FUTURE,BID,3008.0,1103
18:37:06,ESX-FUTURE,BID,3083.0,1109
18:37:07,SP-FUTURE,BID,3008.0,190
18:37:07,ESX-FUTURE,ASK,3083.0,159
18:37:08,ESX-FUTURE,ASK,3083.0,472
18:37:08,SP-FUTURE,ASK,3009.0,361
18:37:08,ESX-FUTURE,ASK,3084.0,537
18:37:09,SP-FUTURE,ASK,3009.0,489
18:37:09,SP-FUTURE,ASK,3009.0,533
18:37:10,ESX-FUTURE,BID,3084.0,636
18:37:11,SP-FUTURE,ASK,3009.0,788
18:37:11,ESX-FUTURE,BID,3084.0,216
18:37:12,ESX-FUTURE,ASK,3085.0,1304
18:37:12,SP-FUTURE,ASK,3009.0,39
18:37:13,ESX-FUTURE,ASK,3085.0,1225
18:37:13,SP-FUTURE,BID,3009.0,375
18:37:14,SP-FUTURE,BID,3009.0,1943
18:37:14,ESX-FUTURE,ASK,3084.0,409
18:37:15,ESX-FUTURE,ASK,3084.0,1599
18:37:16,SP-FUTURE,ASK,3009.0,541
18:37:16,ESX-FUTURE,BID,3084.0,10
18:37:17,ESX-FUTURE,BID,3084.0,3
18:37:17,SP-FUTURE,BID,3009.0,970
18:37:18,SP-FUTURE,ASK,3009.0,108
18:37:18,ESX-FUTURE,ASK,3083.0,49
18:37:18,ESX-FUTURE,ASK,3083.0,70
18:37:18,ESX-FUTURE,ASK,3083.0,242
18:37:18,SP-FUTURE,ASK,3009.0,77
18:37:19,SP-FUTURE,BID,3009.0,132
18:37:20,ESX-FUTURE,BID,3083.0,233
18:37:20,SP-FUTURE,BID,3009.0,375
18:37:21,ESX-FUTURE,BID,3083.0,55
18:37:21,SP-FUTURE,ASK,3009.0,882
18:37:21,ESX-FUTURE,BID,3084.0,394
18:37:22,ESX-FUTURE,ASK,3084.0,268
18:37:23,ESX-FUTURE,BID,3084.0,2213
18:37:23,SP-FUTURE,BID,3006.0,133
18:37:24,ESX-FUTURE,BID,3084.0,1998
18:37:24,SP-FUTURE,ASK,3004.0,336
18:37:25,SP-FUTURE,BID,3004.0,102
18:37:25,ESX-FUTURE,ASK,3084.0,128
18:37:26,SP-FUTURE,ASK,3004.0,510
18:37:27,ESX-FUTURE,BID,3084.0,765
18:37:27,SP-FUTURE,BID,3004.0,337
18:37:28,ESX-FUTURE,ASK,3084.0,1674
18:37:28,SP-FUTURE,ASK,3006.0,221
18:37:29,ESX-FUTURE,BID,3084.0,1570
18:37:29,ESX-FUTURE,BID,3084.0,751
18:37:29,SP-FUTURE,BID,3004.0,1373
18:37:30,ESX-FUTURE,BID,3083.0,88
18:37:31,SP-FUTURE,BID,3004.0,203
18:37:32,ESX-FUTURE,BID,3083.0,74
18:37:32,SP-FUTURE,ASK,3005.0,196
18:37:33,ESX-FUTURE,BID,3083.0,1441
18:37:33,SP-FUTURE,ASK,3004.0,2044
18:37:33,SP-FUTURE,ASK,3004.0,1961
18:37:33,SP-FUTURE,BID,3004.0,5
18:37:34,ESX-FUTURE,ASK,3084.0,15
18:37:34,SP-FUTURE,BID,3004.0,24
18:37:35,ESX-FUTURE,ASK,3084.0,90
18:37:35,SP-FUTURE,BID,3004.0,168
18:37:35,ESX-FUTURE,ASK,3084.0,78
18:37:36,SP-FUTURE,BID,3004.0,65
18:37:36,ESX-FUTURE,ASK,3084.0,212
18:37:37,SP-FUTURE,ASK,3004.0,1560
18:37:37,ESX-FUTURE,ASK,3085.0,16
18:37:38,ESX-FUTURE,ASK,3085.0,170
18:37:38,SP-FUTURE,BID,3004.0,27
18:37:38,ESX-FUTURE,BID,3085.0,375
18:37:39,SP-FUTURE,BID,3004.0,210
18:37:40,ESX-FUTURE,BID,3085.0,142
18:37:40,ESX-FUTURE,BID,3085.0,411
18:37:40,SP-FUTURE,BID,3003.0,1961
18:37:41,ESX-FUTURE,ASK,3085.0,334
18:37:42,ESX-FUTURE,ASK,3085.0,765
18:37:42,SP-FUTURE,ASK,3004.0,397
18:37:42,SP-FUTURE,ASK,3004.0,1307
18:37:43,SP-FUTURE,ASK,3004.0,188
18:37:43,ESX-FUTURE,ASK,3086.0,76
18:37:43,ESX-FUTURE,BID,3086.0,717
18:37:44,SP-FUTURE,BID,3004.0,5
18:37:44,ESX-FUTURE,BID,3086.0,144
18:37:44,SP-FUTURE,ASK,3004.0,87
18:37:45,ESX-FUTURE,ASK,3086.0,1123
18:37:46,ESX-FUTURE,ASK,3086.0,129
18:37:46,SP-FUTURE,BID,3004.0,847
18:37:46,SP-FUTURE,BID,3004.0,691
18:37:47,ESX-FUTURE,ASK,3086.0,880
18:37:47,SP-FUTURE,BID,3005.0,8
18:37:48,ESX-FUTURE,BID,3085.0,188
18:37:49,ESX-FUTURE,ASK,3086.0,1089
18:37:49,SP-FUTURE,ASK,3006.0,1286
18:37:50,ESX-FUTURE,ASK,3086.0,1013
18:37:51,SP-FUTURE,ASK,3006.0,22
18:37:51,ESX-FUTURE,BID,3086.0,81
18:37:51,SP-FUTURE,ASK,3006.0,425
18:37:52,SP-FUTURE,ASK,3006.0,302
18:37:52,ESX-FUTURE,ASK,3087.0,1413
18:37:52,ESX-FUTURE,BID,3086.0,42
18:37:53,ESX-FUTURE,ASK,3087.0,225
18:37:53,SP-FUTURE,BID,3006.0,1439
18:37:53,ESX-FUTURE,ASK,3086.0,2762
18:37:54,ESX-FUTURE,BID,3085.0,48
18:37:55,SP-FUTURE,ASK,3010.0,1229
18:37:55,ESX-FUTURE,ASK,3086.0,2557
18:37:56,SP-FUTURE,BID,3013.0,566
18:37:56,ESX-FUTURE,BID,3086.0,11
18:37:57,SP-FUTURE,BID,3013.0,1697
18:37:57,ESX-FUTURE,ASK,3085.0,248
18:37:58,SP-FUTURE,BID,3013.0,101
18:37:58,SP-FUTURE,BID,3013.0,93
18:37:59,ESX-FUTURE,ASK,3085.0,489
18:38:00,SP-FUTURE,ASK,3014.0,225
18:38:00,ESX-FUTURE,ASK,3085.0,79
18:38:00,SP-FUTURE,BID,3013.0,478
18:38:01,ESX-FUTURE,BID,3085.0,1686
18:38:01,ESX-FUTURE,BID,3085.0,1394
18:38:01,ESX-FUTURE,ASK,3085.0,1
18:38:01,SP-FUTURE,ASK,3014.0,403
18:38:02,SP-FUTURE,ASK,3014.0,1735
18:38:03,ESX-FUTURE,ASK,3087.0,848
18:38:04,SP-FUTURE,BID,3014.0,50
18:38:04,SP-FUTURE,BID,3014.0,200
18:38:05,SP-FUTURE,BID,3014.0,29
18:38:05,ESX-FUTURE,BID,3087.0,51
18:38:05,SP-FUTURE,ASK,3014.0,614
18:38:06,ESX-FUTURE,BID,3087.0,111
18:38:06,SP-FUTURE,BID,3014.0,814
18:38:06,ESX-FUTURE,BID,3087.0,829
18:38:07,ESX-FUTURE,ASK,3087.0,116
18:38:07,SP-FUTURE,ASK,3014.0,72
18:38:08,SP-FUTURE,BID,3014.0,20
18:38:09,ESX-FUTURE,BID,3087.0,1518
18:38:09,SP-FUTURE,ASK,3014.0,778
18:38:10,ESX-FUTURE,ASK,3088.0,129
18:38:10,SP-FUTURE,ASK,3014.0,377
18:38:11,SP-FUTURE,BID,3014.0,787
18:38:11,ESX-FUTURE,BID,3087.0,583
18:38:11,SP-FUTURE,BID,3014.0,286
18:38:12,ESX-FUTURE,ASK,3087.0,351
18:38:13,ESX-FUTURE,BID,3087.0,35
18:38:13,SP-FUTURE,BID,3014.0,18
18:38:14,ESX-FUTURE,ASK,3087.0,76
18:38:14,SP-FUTURE,BID,3014.0,35
18:38:15,ESX-FUTURE,ASK,3087.0,716
18:38:15,SP-FUTURE,BID,3014.0,960
18:38:16,ESX-FUTURE,ASK,3087.0,1002
18:38:18,SP-FUTURE,ASK,3015.0,1652
18:38:18,ESX-FUTURE,ASK,3088.0,32
18:38:18,ESX-FUTURE,ASK,3088.0,456
18:38:19,ESX-FUTURE,BID,3088.0,93
18:38:19,SP-FUTURE,ASK,3015.0,173
18:38:19,ESX-FUTURE,BID,3088.0,70
18:38:21,SP-FUTURE,BID,3015.0,282
18:38:21,ESX-FUTURE,ASK,3088.0,602
18:38:22,SP-FUTURE,ASK,3015.0,246
18:38:22,ESX-FUTURE,BID,3088.0,1611
18:38:23,SP-FUTURE,BID,3013.0,86
18:38:23,SP-FUTURE,ASK,3013.0,481
18:38:23,SP-FUTURE,BID,3013.0,19
18:38:24,ESX-FUTURE,BID,3088.0,883
18:38:24,SP-FUTURE,BID,3013.0,612
18:38:25,SP-FUTURE,ASK,3013.0,299
18:38:25,ESX-FUTURE,BID,3088.0,116
18:38:25,ESX-FUTURE,ASK,3088.0,50
18:38:26,SP-FUTURE,BID,3013.0,525
18:38:26,ESX-FUTURE,ASK,3088.0,142
18:38:26,SP-FUTURE,BID,3013.0,1017
18:38:27,ESX-FUTURE,BID,3087.0,535
18:38:27,SP-FUTURE,ASK,3013.0,344
18:38:28,SP-FUTURE,BID,3013.0,264
18:38:28,ESX-FUTURE,ASK,3087.0,304
18:38:29,SP-FUTURE,BID,3013.0,1024
18:38:30,ESX-FUTURE,ASK,3086.0,238
18:38:30,SP-FUTURE,ASK,3013.0,192
18:38:31,SP-FUTURE,ASK,3013.0,65
18:38:32,ESX-FUTURE,BID,3086.0,75
18:38:33,SP-FUTURE,ASK,3013.0,121
18:38:34,SP-FUTURE,BID,3013.0,615
18:38:34,ESX-FUTURE,ASK,3086.0,83
18:38:35,ESX-FUTURE,ASK,3086.0,377
18:38:35,SP-FUTURE,ASK,3013.0,62
18:38:36,ESX-FUTURE,ASK,3086.0,159
18:38:36,ESX-FUTURE,ASK,3086.0,22
18:38:37,SP-FUTURE,BID,3013.0,478
18:38:37,SP-FUTURE,BID,3013.0,560
18:38:37,ESX-FUTURE,ASK,3086.0,825
18:38:38,SP-FUTURE,ASK,3013.0,627
18:38:38,SP-FUTURE,ASK,3013.0,151
18:38:39,SP-FUTURE,ASK,3013.0,192
18:38:39,ESX-FUTURE,BID,3086.0,487
18:38:39,SP-FUTURE,BID,3013.0,200
18:38:40,SP-FUTURE,ASK,3013.0,1685
18:38:41,ESX-FUTURE,BID,3086.0,811
18:38:41,SP-FUTURE,BID,3013.0,910
18:38:41,ESX-FUTURE,ASK,3087.0,128
18:38:41,SP-FUTURE,BID,3013.0,69
18:38:42,SP-FUTURE,BID,3013.0,2274
18:38:43,ESX-FUTURE,BID,3083.0,486
18:38:44,SP-FUTURE,BID,3013.0,299
18:38:44,ESX-FUTURE,ASK,3083.0,866
18:38:44,ESX-FUTURE,BID,3083.0,784
18:38:45,ESX-FUTURE,BID,3083.0,633
18:38:45,SP-FUTURE,BID,3013.0,612
18:38:46,ESX-FUTURE,BID,3083.0,720
18:38:46,ESX-FUTURE,ASK,3083.0,117
18:38:46,SP-FUTURE,ASK,3013.0,1646
18:38:47,ESX-FUTURE,ASK,3084.0,5
18:38:48,SP-FUTURE,ASK,3013.0,326
18:38:48,ESX-FUTURE,BID,3084.0,834
18:38:48,SP-FUTURE,BID,3013.0,266
18:38:49,ESX-FUTURE,ASK,3084.0,1026
18:38:49,SP-FUTURE,BID,3013.0,540
18:38:51,SP-FUTURE,ASK,3013.0,273
18:38:51,ESX-FUTURE,BID,3084.0,186
18:38:52,SP-FUTURE,BID,3013.0,489
18:38:52,ESX-FUTURE,ASK,3084.0,1989
18:38:53,SP-FUTURE,BID,3015.0,363
18:38:54,SP-FUTURE,BID,3015.0,413
18:38:54,ESX-FUTURE,ASK,3084.0,178
18:38:55,ESX-FUTURE,BID,3083.0,716
18:38:55,SP-FUTURE,ASK,3015.0,90
18:38:56,ESX-FUTURE,ASK,3084.0,3
18:38:56,SP-FUTURE,ASK,3015.0,36
18:38:56,ESX-FUTURE,ASK,3084.0,161
18:38:57,SP-FUTURE,BID,3015.0,116
18:38:58,SP-FUTURE,BID,3015.0,101
18:38:58,ESX-FUTURE,ASK,3084.0,35
18:38:59,SP-FUTURE,ASK,3015.0,162
18:39:00,SP-FUTURE,ASK,3015.0,10
18:39:00,ESX-FUTURE,ASK,3084.0,740
18:39:01,SP-FUTURE,ASK,3016.0,99
18:39:01,ESX-FUTURE,BID,3083.0,655
18:39:01,SP-FUTURE,BID,3015.0,155
18:39:02,SP-FUTURE,BID,3015.0,146
18:39:02,SP-FUTURE,BID,3015.0,152
18:39:03,SP-FUTURE,BID,3015.0,263
18:39:03,ESX-FUTURE,BID,3083.0,1972
18:39:04,SP-FUTURE,BID,3014.0,845
18:39:05,ESX-FUTURE,ASK,3083.0,2260
18:39:05,ESX-FUTURE,ASK,3083.0,577
18:39:05,ESX-FUTURE,BID,3083.0,29
18:39:06,SP-FUTURE,ASK,3017.0,90
18:39:07,ESX-FUTURE,BID,3083.0,26
18:39:08,SP-FUTURE,BID,3017.0,1194
18:39:08,ESX-FUTURE,BID,3083.0,267
18:39:08,SP-FUTURE,BID,3017.0,746
18:39:09,SP-FUTURE,BID,3017.0,109
18:39:09,ESX-FUTURE,ASK,3082.0,1370
18:39:10,SP-FUTURE,ASK,3018.0,1734
18:39:11,ESX-FUTURE,ASK,3082.0,338
18:39:11,ESX-FUTURE,ASK,3082.0,23
18:39:12,SP-FUTURE,ASK,3018.0,1407
18:39:12,SP-FUTURE,BID,3018.0,191
18:39:12,SP-FUTURE,ASK,3018.0,457
18:39:13,ESX-FUTURE,ASK,3084.0,115
18:39:13,ESX-FUTURE,BID,3083.0,421
18:39:13,SP-FUTURE,BID,3018.0,903
18:39:13,ESX-FUTURE,BID,3083.0,86
18:39:14,ESX-FUTURE,BID,3083.0,432
18:39:14,SP-FUTURE,ASK,3018.0,1014
18:39:15,ESX-FUTURE,BID,3083.0,846
18:39:15,SP-FUTURE,BID,3017.0,2108
18:39:16,ESX-FUTURE,ASK,3083.0,102
18:39:16,SP-FUTURE,BID,3018.0,31
18:39:17,ESX-FUTURE,BID,3083.0,1337
18:39:18,SP-FUTURE,ASK,3017.0,536
18:39:18,ESX-FUTURE,BID,3083.0,1612
18:39:19,SP-FUTURE,BID,3017.0,290
18:39:19,ESX-FUTURE,BID,3083.0,37
18:39:20,SP-FUTURE,BID,3017.0,290
18:39:20,ESX-FUTURE,ASK,3083.0,9
18:39:20,SP-FUTURE,BID,3017.0,2
18:39:22,ESX-FUTURE,ASK,3083.0,18
18:39:22,SP-FUTURE,ASK,3017.0,564
18:39:22,ESX-FUTURE,BID,3083.0,165
18:39:23,ESX-FUTURE,BID,3083.0,356
18:39:23,SP-FUTURE,ASK,3017.0,312
18:39:24,ESX-FUTURE,BID,3083.0,929
18:39:24,SP-FUTURE,ASK,3016.0,1810
18:39:24,SP-FUTURE,ASK,3016.0,119
18:39:25,ESX-FUTURE,ASK,3083.0,267
18:39:25,SP-FUTURE,ASK,3016.0,2126
18:39:26,ESX-FUTURE,ASK,3084.0,2553
18:39:27,SP-FUTURE,BID,3019.0,1108
18:39:27,ESX-FUTURE,BID,3083.0,922
18:39:27,SP-FUTURE,ASK,3020.0,1
18:39:28,SP-FUTURE,ASK,3020.0,351
18:39:28,SP-FUTURE,ASK,3020.0,43
18:39:29,ESX-FUTURE,BID,3083.0,131
18:39:30,ESX-FUTURE,BID,3083.0,691
18:39:30,SP-FUTURE,ASK,3019.0,116
18:39:31,ESX-FUTURE,ASK,3084.0,187
18:39:31,SP-FUTURE,BID,3019.0,307
18:39:32,ESX-FUTURE,BID,3083.0,135
18:39:32,SP-FUTURE,ASK,3019.0,18
18:39:32,ESX-FUTURE,ASK,3084.0,366
18:39:33,ESX-FUTURE,BID,3083.0,1258
18:39:34,SP-FUTURE,ASK,3019.0,775
18:39:34,ESX-FUTURE,ASK,3084.0,1731
18:39:35,SP-FUTURE,BID,3020.0,305
18:39:35,SP-FUTURE,ASK,3020.0,944
18:39:35,ESX-FUTURE,BID,3084.0,623
18:39:36,SP-FUTURE,ASK,3020.0,184
18:39:36,ESX-FUTURE,BID,3084.0,513
18:39:37,SP-FUTURE,ASK,3020.0,166
18:39:38,ESX-FUTURE,BID,3084.0,97
18:39:38,SP-FUTURE,ASK,3020.0,216
18:39:38,ESX-FUTURE,BID,3084.0,1633
18:39:38,ESX-FUTURE,ASK,3084.0,44
18:39:39,SP-FUTURE,BID,3019.0,1620
18:39:39,ESX-FUTURE,BID,3083.0,187
18:39:39,SP-FUTURE,BID,3019.0,30
18:39:40,ESX-FUTURE,BID,3083.0,287
18:39:40,SP-FUTURE,BID,3019.0,3
18:39:40,ESX-FUTURE,BID,3083.0,117
18:39:41,ESX-FUTURE,BID,3083.0,26
18:39:42,ESX-FUTURE,BID,3083.0,4
18:39:42,ESX-FUTURE,BID,3083.0,60
18:39:42,SP-FUTURE,ASK,3019.0,77
18:39:43,ESX-FUTURE,BID,3083.0,122
18:39:43,SP-FUTURE,ASK,3019.0,441
18:39:44,ESX-FUTURE,ASK,3084.0,1478
18:39:45,SP-FUTURE,BID,3019.0,158
18:39:45,ESX-FUTURE,BID,3084.0,101
18:39:46,SP-FUTURE,BID,3019.0,1672
18:39:47,ESX-FUTURE,ASK,3082.0,1020
18:39:48,SP-FUTURE,ASK,3020.0,454
18:39:48,ESX-FUTURE,BID,3082.0,138
18:39:49,SP-FUTURE,ASK,3020.0,251
18:39:50,ESX-FUTURE,ASK,3082.0,727
18:39:51,SP-FUTURE,BID,3020.0,436
18:39:51,ESX-FUTURE,ASK,3082.0,58
18:39:51,ESX-FUTURE,ASK,3082.0,26
18:39:52,ESX-FUTURE,BID,3082.0,1586
18:39:52,SP-FUTURE,BID,3020.0,1214
18:39:53,ESX-FUTURE,BID,3081.0,179
18:39:54,SP-FUTURE,BID,3020.0,118
18:39:55,ESX-FUTURE,ASK,3081.0,89
18:39:55,SP-FUTURE,ASK,3020.0,892
18:39:56,SP-FUTURE,BID,3020.0,208
18:39:56,SP-FUTURE,BID,3020.0,95
18:39:56,ESX-FUTURE,ASK,3081.0,32
18:39:57,ESX-FUTURE,BID,3081.0,392
18:39:58,SP-FUTURE,ASK,3020.0,409
18:39:59,ESX-FUTURE,BID,3081.0,1605
18:39:59,SP-FUTURE,BID,3018.0,782
18:40:00,SP-FUTURE,BID,3018.0,189
18:40:00,ESX-FUTURE,BID,3081.0,3
18:40:00,ESX-FUTURE,ASK,3081.0,1088
18:40:01,SP-FUTURE,ASK,3019.0,677
18:40:01,ESX-FUTURE,ASK,3082.0,1082
18:40:02,SP-FUTURE,ASK,3019.0,493
18:40:03,SP-FUTURE,BID,3019.0,502
18:40:03,ESX-FUTURE,BID,3081.0,706
18:40:04,SP-FUTURE,BID,3019.0,104
18:40:04,ESX-FUTURE,BID,3081.0,402
18:40:05,SP-FUTURE,BID,3019.0,272
18:40:05,ESX-FUTURE,ASK,3081.0,1466
18:40:05,ESX-FUTURE,BID,3081.0,16
18:40:06,ESX-FUTURE,BID,3081.0,15
18:40:06,SP-FUTURE,ASK,3019.0,697
18:40:06,ESX-FUTURE,ASK,3082.0,1180
18:40:07,ESX-FUTURE,BID,3081.0,316
18:40:07,SP-FUTURE,ASK,3020.0,438
18:40:08,ESX-FUTURE,BID,3082.0,823
18:40:08,SP-FUTURE,BID,3020.0,84
18:40:09,SP-FUTURE,BID,3020.0,33
18:40:09,ESX-FUTURE,BID,3082.0,1345
18:40:11,SP-FUTURE,ASK,3018.0,133
18:40:11,ESX-FUTURE,ASK,3082.0,154
18:40:11,SP-FUTURE,BID,3018.0,118
18:40:13,SP-FUTURE,ASK,3019.0,585
18:40:13,ESX-FUTURE,BID,3082.0,1096
18:40:13,SP-FUTURE,ASK,3018.0,2122
18:40:13,ESX-FUTURE,ASK,3082.0,37
18:40:14,ESX-FUTURE,BID,3082.0,908
18:40:14,ESX-FUTURE,BID,3082.0,1364
18:40:15,SP-FUTURE,ASK,3016.0,134
18:40:15,SP-FUTURE,ASK,3016.0,137
18:40:16,ESX-FUTURE,BID,3082.0,2670
18:40:16,ESX-FUTURE,ASK,3082.0,123
18:40:17,ESX-FUTURE,ASK,3082.0,236
18:40:17,SP-FUTURE,BID,3013.0,69
18:40:17,SP-FUTURE,BID,3013.0,700
18:40:18,ESX-FUTURE,BID,3082.0,8
18:40:18,SP-FUTURE,BID,3013.0,1789
18:40:19,ESX-FUTURE,ASK,3080.0,34
18:40:19,SP-FUTURE,ASK,3013.0,170
18:40:20,SP-FUTURE,BID,3013.0,1893
18:40:20,SP-FUTURE,BID,3013.0,331
18:40:20,ESX-FUTURE,ASK,3078.0,151
18:40:21,SP-FUTURE,BID,3013.0,1487
18:40:22,SP-FUTURE,ASK,3013.0,12
18:40:22,ESX-FUTURE,BID,3078.0,410
18:40:23,ESX-FUTURE,ASK,3078.0,861
18:40:23,SP-FUTURE,ASK,3013.0,1979
18:40:23,SP-FUTURE,ASK,3013.0,4
18:40:24,ESX-FUTURE,BID,3080.0,465
18:40:24,SP-FUTURE,BID,3013.0,550
18:40:25,ESX-FUTURE,ASK,3080.0,2757
18:40:26,SP-FUTURE,ASK,3015.0,839
18:40:26,ESX-FUTURE,ASK,3080.0,1316
18:40:27,SP-FUTURE,BID,3015.0,76
18:40:27,ESX-FUTURE,ASK,3080.0,431
18:40:28,ESX-FUTURE,BID,3080.0,41
18:40:28,SP-FUTURE,ASK,3016.0,991
18:40:28,ESX-FUTURE,BID,3080.0,77
18:40:29,SP-FUTURE,BID,3015.0,171
18:40:29,ESX-FUTURE,ASK,3081.0,4
18:40:29,SP-FUTURE,ASK,3016.0,444
18:40:30,ESX-FUTURE,ASK,3081.0,13
18:40:30,SP-FUTURE,ASK,3016.0,487
18:40:31,ESX-FUTURE,ASK,3081.0,128
18:40:31,ESX-FUTURE,BID,3081.0,294
18:40:31,SP-FUTURE,ASK,3015.0,1
18:40:32,ESX-FUTURE,ASK,3081.0,986
18:40:33,SP-FUTURE,BID,3016.0,676
18:40:34,ESX-FUTURE,ASK,3081.0,751
18:40:34,SP-FUTURE,ASK,3016.0,806
18:40:35,ESX-FUTURE,BID,3081.0,138
18:40:35,SP-FUTURE,BID,3016.0,7
18:40:36,ESX-FUTURE,BID,3081.0,43
18:40:36,SP-FUTURE,BID,3016.0,112
18:40:37,ESX-FUTURE,BID,3081.0,1218
18:40:38,SP-FUTURE,ASK,3016.0,18
18:40:38,ESX-FUTURE,ASK,3081.0,54
18:40:38,SP-FUTURE,ASK,3016.0,1928
18:40:40,SP-FUTURE,ASK,3016.0,181
18:40:40,ESX-FUTURE,ASK,3082.0,240
18:40:40,ESX-FUTURE,ASK,3082.0,564
18:40:41,SP-FUTURE,BID,3015.0,1452
18:40:42,ESX-FUTURE,ASK,3082.0,7
18:40:42,SP-FUTURE,BID,3015.0,948
18:40:43,ESX-FUTURE,BID,3082.0,985
18:40:44,SP-FUTURE,ASK,3015.0,629
18:40:44,ESX-FUTURE,BID,3082.0,659
18:40:44,SP-FUTURE,ASK,3015.0,445
18:40:45,ESX-FUTURE,BID,3082.0,13
18:40:45,SP-FUTURE,ASK,3015.0,140
18:40:46,ESX-FUTURE,BID,3082.0,17
18:40:46,SP-FUTURE,ASK,3015.0,1454
18:40:47,ESX-FUTURE,BID,3082.0,1925
18:40:47,SP-FUTURE,BID,3015.0,602
18:40:48,SP-FUTURE,ASK,3015.0,943
18:40:48,ESX-FUTURE,ASK,3083.0,189
18:40:50,SP-FUTURE,BID,3015.0,1709
18:40:50,ESX-FUTURE,BID,3081.0,674
18:40:50,SP-FUTURE,BID,3015.0,767
18:40:51,ESX-FUTURE,BID,3081.0,1576
18:40:51,SP-FUTURE,BID,3013.0,61
18:40:51,SP-FUTURE,BID,3013.0,247
18:40:52,SP-FUTURE,ASK,3014.0,802
18:40:52,ESX-FUTURE,ASK,3081.0,39
18:40:52,SP-FUTURE,ASK,3014.0,877
18:40:53,ESX-FUTURE,ASK,3081.0,421
18:40:53,SP-FUTURE,BID,3014.0,43
18:40:53,ESX-FUTURE,BID,3081.0,419
18:40:54,ESX-FUTURE,BID,3081.0,1120
18:40:54,ESX-FUTURE,BID,3081.0,757
18:40:55,SP-FUTURE,ASK,3013.0,125
18:40:55,ESX-FUTURE,BID,3081.0,10
18:40:55,SP-FUTURE,BID,3013.0,27
18:40:56,ESX-FUTURE,ASK,3081.0,56
18:40:57,ESX-FUTURE,ASK,3081.0,203
18:40:57,SP-FUTURE,ASK,3013.0,43
18:40:58,ESX-FUTURE,ASK,3081.0,313
18:40:59,ESX-FUTURE,BID,3081.0,112
18:41:00,SP-FUTURE,BID,3013.0,51
18:41:00,ESX-FUTURE,ASK,3081.0,292
18:41:01,SP-FUTURE,ASK,3013.0,496
18:41:01,ESX-FUTURE,ASK,3082.0,753
18:41:02,ESX-FUTURE,BID,3081.0,1432
18:41:03,ESX-FUTURE,BID,3081.0,550
18:41:03,SP-FUTURE,BID,3012.0,106
18:41:03,ESX-FUTURE,ASK,3082.0,627
18:41:04,SP-FUTURE,BID,3012.0,76
18:41:05,ESX-FUTURE,ASK,3082.0,1664
18:41:06,SP-FUTURE,BID,3013.0,131
18:41:06,ESX-FUTURE,ASK,3082.0,141
18:41:07,ESX-FUTURE,BID,3081.0,11
18:41:08,SP-FUTURE,BID,3013.0,1283
18:41:08,SP-FUTURE,BID,3013.0,782
18:41:09,ESX-FUTURE,ASK,3080.0,285
18:41:09,ESX-FUTURE,ASK,3080.0,848
18:41:10,SP-FUTURE,ASK,3014.0,121
18:41:11,ESX-FUTURE,ASK,3080.0,120
18:41:11,SP-FUTURE,BID,3014.0,206
18:41:11,ESX-FUTURE,ASK,3080.0,1606
18:41:12,SP-FUTURE,ASK,3016.0,7
18:41:13,SP-FUTURE,ASK,3016.0,1173
18:41:13,ESX-FUTURE,ASK,3081.0,2801
18:41:14,SP-FUTURE,BID,3020.0,82
18:41:14,ESX-FUTURE,ASK,3080.0,18
18:41:15,SP-FUTURE,BID,3020.0,18
18:41:15,ESX-FUTURE,BID,3080.0,1541
18:41:16,SP-FUTURE,ASK,3020.0,552
18:41:16,ESX-FUTURE,ASK,3081.0,285
18:41:16,ESX-FUTURE,ASK,3081.0,1264
18:41:17,SP-FUTURE,BID,3020.0,881
18:41:17,SP-FUTURE,ASK,3020.0,52
18:41:17,ESX-FUTURE,BID,3080.0,33
18:41:18,ESX-FUTURE,ASK,3080.0,850
18:41:18,SP-FUTURE,ASK,3021.0,1157
18:41:19,SP-FUTURE,BID,3020.0,15
18:41:19,SP-FUTURE,BID,3020.0,4
18:41:20,ESX-FUTURE,ASK,3080.0,864
18:41:21,ESX-FUTURE,BID,3080.0,808
18:41:21,SP-FUTURE,ASK,3021.0,47
18:41:22,SP-FUTURE,BID,3020.0,6
18:41:22,ESX-FUTURE,ASK,3080.0,937
18:41:23,SP-FUTURE,BID,3021.0,99
18:41:24,ESX-FUTURE,ASK,3080.0,511
18:41:25,SP-FUTURE,BID,3021.0,924
18:41:25,ESX-FUTURE,BID,3080.0,153
18:41:27,ESX-FUTURE,ASK,3080.0,641
18:41:27,SP-FUTURE,BID,3021.0,483
18:41:28,ESX-FUTURE,BID,3080.0,354
18:41:28,SP-FUTURE,ASK,3021.0,14
18:41:29,SP-FUTURE,ASK,3021.0,805
18:41:29,ESX-FUTURE,ASK,3080.0,419
18:41:29,SP-FUTURE,ASK,3021.0,459
18:41:30,SP-FUTURE,ASK,3021.0,192
18:41:30,ESX-FUTURE,BID,3080.0,114
18:41:30,SP-FUTURE,ASK,3021.0,387
18:41:31,ESX-FUTURE,BID,3080.0,22
18:41:32,ESX-FUTURE,ASK,3081.0,751
18:41:32,SP-FUTURE,BID,3021.0,871
18:41:33,ESX-FUTURE,BID,3080.0,833
18:41:34,SP-FUTURE,ASK,3021.0,130
18:41:34,SP-FUTURE,BID,3021.0,697
18:41:34,ESX-FUTURE,ASK,3080.0,1740
18:41:35,SP-FUTURE,ASK,3022.0,1337
18:41:35,ESX-FUTURE,BID,3081.0,2048
18:41:36,SP-FUTURE,BID,3019.0,806
18:41:36,ESX-FUTURE,BID,3081.0,25
18:41:36,ESX-FUTURE,ASK,3081.0,1662
18:41:37,SP-FUTURE,ASK,3021.0,1038
18:41:37,ESX-FUTURE,ASK,3082.0,720
18:41:37,ESX-FUTURE,BID,3081.0,138
18:41:38,ESX-FUTURE,BID,3081.0,239
18:41:39,ESX-FUTURE,BID,3081.0,392
18:41:39,SP-FUTURE,BID,3021.0,82
18:41:40,ESX-FUTURE,ASK,3082.0,684
18:41:40,ESX-FUTURE,BID,3081.0,12
18:41:40,SP-FUTURE,BID,3021.0,647
18:41:42,SP-FUTURE,BID,3021.0,1809
18:41:42,ESX-FUTURE,ASK,3079.0,778
18:41:43,ESX-FUTURE,BID,3079.0,80
18:41:43,ESX-FUTURE,ASK,3079.0,146
18:41:43,SP-FUTURE,BID,3021.0,506
18:41:44,SP-FUTURE,BID,3021.0,2264
18:41:44,ESX-FUTURE,ASK,3076.0,408
18:41:45,SP-FUTURE,ASK,3022.0,276
18:41:46,ESX-FUTURE,ASK,3076.0,365
18:41:46,ESX-FUTURE,BID,3076.0,522
18:41:47,SP-FUTURE,BID,3021.0,160
18:41:47,ESX-FUTURE,BID,3076.0,111
18:41:47,SP-FUTURE,ASK,3021.0,2045
18:41:48,ESX-FUTURE,ASK,3077.0,646
18:41:48,SP-FUTURE,ASK,3022.0,82
18:41:49,SP-FUTURE,BID,3021.0,1982
18:41:49,ESX-FUTURE,ASK,3075.0,81
18:41:49,ESX-FUTURE,ASK,3075.0,196
18:41:50,SP-FUTURE,ASK,3022.0,43
18:41:51,ESX-FUTURE,ASK,3075.0,840
18:41:51,SP-FUTURE,BID,3022.0,533
18:41:51,ESX-FUTURE,ASK,3075.0,483
18:41:52,ESX-FUTURE,ASK,3075.0,546
18:41:52,SP-FUTURE,BID,3022.0,1118
18:41:53,SP-FUTURE,ASK,3022.0,770
18:41:53,ESX-FUTURE,BID,3074.0,37
18:41:53,SP-FUTURE,ASK,3022.0,140
18:41:54,ESX-FUTURE,BID,3074.0,34
18:41:54,SP-FUTURE,ASK,3022.0,598
18:41:55,ESX-FUTURE,BID,3074.0,47
18:41:56,SP-FUTURE,BID,3022.0,26
18:41:56,ESX-FUTURE,BID,3074.0,111
18:41:56,SP-FUTURE,ASK,3022.0,627
18:41:57,ESX-FUTURE,BID,3074.0,452
18:41:57,SP-FUTURE,BID,3022.0,162
18:41:58,SP-FUTURE,BID,3022.0,318
18:41:58,SP-FUTURE,BID,3022.0,1635
18:41:58,ESX-FUTURE,ASK,3074.0,2501
18:41:59,SP-FUTURE,ASK,3026.0,1220
18:41:59,SP-FUTURE,ASK,3026.0,548
18:42:00,SP-FUTURE,ASK,3026.0,1874
18:42:00,ESX-FUTURE,BID,3075.0,736
18:42:00,SP-FUTURE,ASK,3026.0,825
18:42:01,ESX-FUTURE,ASK,3075.0,830
18:42:02,ESX-FUTURE,ASK,3075.0,221
18:42:02,SP-FUTURE,ASK,3026.0,331
18:42:02,ESX-FUTURE,ASK,3076.0,1807
18:42:03,SP-FUTURE,BID,3027.0,1931
18:42:04,SP-FUTURE,ASK,3027.0,145
18:42:04,ESX-FUTURE,ASK,3075.0,314
18:42:04,SP-FUTURE,BID,3027.0,1646
18:42:05,ESX-FUTURE,ASK,3075.0,2946
18:42:05,SP-FUTURE,BID,3030.0,167
18:42:06,SP-FUTURE,BID,3030.0,24
18:42:06,ESX-FUTURE,ASK,3074.0,209
18:42:06,ESX-FUTURE,ASK,3074.0,347
18:42:07,SP-FUTURE,BID,3031.0,99
18:42:07,SP-FUTURE,ASK,3031.0,1563
18:42:07,ESX-FUTURE,BID,3075.0,72
18:42:08,SP-FUTURE,ASK,3031.0,2076
18:42:08,ESX-FUTURE,BID,3075.0,20
18:42:08,SP-FUTURE,BID,3031.0,175
18:42:09,ESX-FUTURE,ASK,3075.0,6
18:42:10,ESX-FUTURE,ASK,3075.0,36
18:42:10,SP-FUTURE,BID,3031.0,95
18:42:11,ESX-FUTURE,ASK,3075.0,55
18:42:12,SP-FUTURE,BID,3031.0,356
18:42:12,ESX-FUTURE,ASK,3075.0,2575
18:42:13,SP-FUTURE,BID,3034.0,95
18:42:14,ESX-FUTURE,BID,3075.0,8
18:42:14,SP-FUTURE,BID,3034.0,41
18:42:14,SP-FUTURE,ASK,3034.0,1373
18:42:15,SP-FUTURE,BID,3034.0,85
18:42:16,ESX-FUTURE,BID,3075.0,304
18:42:16,SP-FUTURE,ASK,3034.0,817
18:42:17,SP-FUTURE,BID,3034.0,10
18:42:17,ESX-FUTURE,ASK,3075.0,86
18:42:17,ESX-FUTURE,ASK,3075.0,242
18:42:18,SP-FUTURE,ASK,3034.0,956
18:42:19,ESX-FUTURE,ASK,3076.0,1819
18:42:19,SP-FUTURE,BID,3036.0,1891
18:42:20,ESX-FUTURE,BID,3076.0,143
18:42:20,SP-FUTURE,BID,3036.0,1834
18:42:21,SP-FUTURE,ASK,3036.0,153
18:42:21,ESX-FUTURE,ASK,3075.0,219
18:42:22,SP-FUTURE,BID,3036.0,172
18:42:23,ESX-FUTURE,BID,3075.0,1111
18:42:23,SP-FUTURE,ASK,3035.0,2
18:42:24,ESX-FUTURE,BID,3075.0,681
18:42:25,ESX-FUTURE,BID,3075.0,200
18:42:26,ESX-FUTURE,BID,3075.0,1281
18:42:26,SP-FUTURE,BID,3034.0,35
18:42:27,SP-FUTURE,ASK,3035.0,1955
18:42:28,ESX-FUTURE,ASK,3075.0,136
18:42:28,SP-FUTURE,ASK,3035.0,20
18:42:29,ESX-FUTURE,ASK,3075.0,392
18:42:29,SP-FUTURE,BID,3034.0,144
18:42:29,ESX-FUTURE,BID,3075.0,820
18:42:31,SP-FUTURE,ASK,3034.0,346
18:42:32,SP-FUTURE,BID,3034.0,2249
18:42:32,ESX-FUTURE,ASK,3073.0,767
18:42:32,SP-FUTURE,BID,3034.0,780
18:42:33,SP-FUTURE,ASK,3035.0,11
18:42:33,SP-FUTURE,ASK,3035.0,38
18:42:33,ESX-FUTURE,ASK,3073.0,705
18:42:33,SP-FUTURE,ASK,3035.0,397
18:42:34,ESX-FUTURE,BID,3073.0,204
18:42:34,SP-FUTURE,BID,3035.0,312
18:42:35,ESX-FUTURE,BID,3072.0,1146
18:42:35,ESX-FUTURE,ASK,3073.0,210
18:42:35,SP-FUTURE,BID,3034.0,617
18:42:35,ESX-FUTURE,ASK,3073.0,203
18:42:37,SP-FUTURE,BID,3034.0,246
18:42:37,ESX-FUTURE,ASK,3073.0,1395
18:42:37,SP-FUTURE,BID,3035.0,1923
18:42:38,ESX-FUTURE,ASK,3071.0,203
18:42:38,SP-FUTURE,ASK,3035.0,682
18:42:38,SP-FUTURE,BID,3035.0,456
18:42:39,SP-FUTURE,ASK,3035.0,54
18:42:39,ESX-FUTURE,ASK,3071.0,413
18:42:41,SP-FUTURE,BID,3035.0,581
18:42:41,SP-FUTURE,BID,3035.0,183
18:42:41,ESX-FUTURE,ASK,3071.0,1155
18:42:41,SP-FUTURE,BID,3036.0,599
18:42:41,ESX-FUTURE,BID,3070.0,1954
18:42:42,ESX-FUTURE,BID,3070.0,999
18:42:42,SP-FUTURE,ASK,3034.0,325
18:42:43,ESX-FUTURE,BID,3070.0,349
18:42:44,ESX-FUTURE,BID,3070.0,816
18:42:44,SP-FUTURE,BID,3033.0,76
18:42:44,SP-FUTURE,ASK,3033.0,407
18:42:45,ESX-FUTURE,ASK,3070.0,479
18:42:45,SP-FUTURE,ASK,3034.0,1926
18:42:46,SP-FUTURE,ASK,3034.0,1671
18:42:46,ESX-FUTURE,BID,3074.0,26
18:42:47,SP-FUTURE,ASK,3034.0,1640
18:42:47,SP-FUTURE,ASK,3034.0,123
18:42:47,SP-FUTURE,ASK,3034.0,337
18:42:48,ESX-FUTURE,BID,3075.0,483
18:42:49,SP-FUTURE,BID,3033.0,128
18:42:49,ESX-FUTURE,BID,3075.0,313
18:42:49,SP-FUTURE,BID,3033.0,94
18:42:50,ESX-FUTURE,BID,3075.0,585
18:42:51,SP-FUTURE,ASK,3033.0,787
18:42:51,ESX-FUTURE,BID,3075.0,158
18:42:52,SP-FUTURE,BID,3033.0,465
18:42:52,ESX-FUTURE,BID,3075.0,51
18:42:52,SP-FUTURE,ASK,3033.0,284
18:42:53,ESX-FUTURE,ASK,3075.0,2373
18:42:54,SP-FUTURE,ASK,3036.0,693
18:42:55,ESX-FUTURE,ASK,3075.0,21
18:42:56,ESX-FUTURE,ASK,3075.0,588
18:42:56,SP-FUTURE,ASK,3037.0,188
18:42:56,ESX-FUTURE,BID,3075.0,1062
18:42:57,ESX-FUTURE,ASK,3075.0,144
18:42:57,SP-FUTURE,BID,3036.0,575
18:42:58,SP-FUTURE,ASK,3037.0,266
18:42:59,ESX-FUTURE,ASK,3075.0,508
18:42:59,SP-FUTURE,BID,3037.0,903
18:43:00,SP-FUTURE,BID,3037.0,694
18:43:01,ESX-FUTURE,ASK,3075.0,13
18:43:01,SP-FUTURE,ASK,3037.0,407
18:43:03,ESX-FUTURE,ASK,3075.0,2522
18:43:03,SP-FUTURE,ASK,3039.0,1414
18:43:04,SP-FUTURE,ASK,3039.0,612
18:43:04,ESX-FUTURE,BID,3077.0,98
18:43:04,SP-FUTURE,ASK,3039.0,890
18:43:05,SP-FUTURE,BID,3039.0,938
18:43:05,ESX-FUTURE,ASK,3077.0,230
18:43:05,ESX-FUTURE,ASK,3077.0,274
18:43:06,ESX-FUTURE,ASK,3077.0,1241
18:43:06,SP-FUTURE,BID,3039.0,300
18:43:07,ESX-FUTURE,BID,3076.0,2032
18:43:07,ESX-FUTURE,ASK,3076.0,78
18:43:08,SP-FUTURE,ASK,3038.0,56
18:43:08,ESX-FUTURE,ASK,3076.0,479
18:43:09,ESX-FUTURE,ASK,3076.0,34
18:43:09,SP-FUTURE,BID,3038.0,244
18:43:09,ESX-FUTURE,ASK,3076.0,983
18:43:10,ESX-FUTURE,BID,3076.0,368
18:43:10,SP-FUTURE,BID,3038.0,460
18:43:11,ESX-FUTURE,BID,3076.0,1399
18:43:12,SP-FUTURE,ASK,3038.0,137
18:43:12,ESX-FUTURE,BID,3076.0,2892
18:43:13,SP-FUTURE,BID,3034.0,164
18:43:13,ESX-FUTURE,BID,3076.0,313
18:43:15,SP-FUTURE,BID,3034.0,185
18:43:15,ESX-FUTURE,ASK,3076.0,640
18:43:16,SP-FUTURE,ASK,3034.0,46
18:43:16,ESX-FUTURE,ASK,3076.0,192
18:43:17,ESX-FUTURE,ASK,3076.0,336
18:43:17,SP-FUTURE,BID,3034.0,228
18:43:18,ESX-FUTURE,ASK,3076.0,1942
18:43:18,SP-FUTURE,BID,3036.0,987
18:43:19,ESX-FUTURE,ASK,3075.0,1072
18:43:19,ESX-FUTURE,ASK,3075.0,616
18:43:19,SP-FUTURE,BID,3037.0,55
18:43:20,ESX-FUTURE,ASK,3075.0,1487
18:43:21,SP-FUTURE,BID,3039.0,3
18:43:21,ESX-FUTURE,BID,3075.0,353
18:43:21,ESX-FUTURE,BID,3075.0,427
18:43:22,SP-FUTURE,BID,3038.0,180
18:43:23,ESX-FUTURE,ASK,3075.0,1435
18:43:23,SP-FUTURE,ASK,3039.0,193
18:43:23,SP-FUTURE,BID,3039.0,1030
18:43:24,SP-FUTURE,ASK,3039.0,7
18:43:24,ESX-FUTURE,BID,3075.0,938
18:43:24,ESX-FUTURE,BID,3075.0,178
18:43:25,ESX-FUTURE,ASK,3075.0,816
18:43:25,SP-FUTURE,ASK,3039.0,138
18:43:26,SP-FUTURE,ASK,3039.0,31
18:43:26,ESX-FUTURE,ASK,3075.0,440
18:43:27,ESX-FUTURE,ASK,3075.0,151
18:43:28,SP-FUTURE,ASK,3039.0,177
18:43:28,ESX-FUTURE,BID,3075.0,49
18:43:29,ESX-FUTURE,BID,3075.0,82
18:43:29,SP-FUTURE,ASK,3039.0,125
18:43:30,ESX-FUTURE,BID,3075.0,7
18:43:31,SP-FUTURE,BID,3039.0,607
18:43:32,ESX-FUTURE,ASK,3075.0,190
18:43:32,SP-FUTURE,BID,3039.0,244
18:43:32,SP-FUTURE,ASK,3039.0,227
18:43:32,ESX-FUTURE,ASK,3075.0,766
18:43:33,ESX-FUTURE,ASK,3075.0,425
18:43:33,SP-FUTURE,BID,3039.0,55
18:43:34,SP-FUTURE,BID,3039.0,779
18:43:35,ESX-FUTURE,BID,3075.0,56
18:43:35,SP-FUTURE,BID,3039.0,1067
18:43:36,ESX-FUTURE,ASK,3074.0,477
18:43:36,SP-FUTURE,ASK,3040.0,205
18:43:37,SP-FUTURE,ASK,3040.0,38
18:43:37,ESX-FUTURE,BID,3074.0,68
18:43:38,SP-FUTURE,BID,3039.0,19
18:43:38,ESX-FUTURE,BID,3074.0,1362
18:43:39,SP-FUTURE,BID,3038.0,162
18:43:39,SP-FUTURE,ASK,3038.0,28
18:43:39,ESX-FUTURE,BID,3074.0,177
18:43:40,ESX-FUTURE,ASK,3074.0,669
18:43:40,SP-FUTURE,ASK,3038.0,609
18:43:41,SP-FUTURE,ASK,3038.0,564
18:43:41,ESX-FUTURE,BID,3074.0,1248
18:43:42,SP-FUTURE,ASK,3038.0,58
18:43:42,SP-FUTURE,ASK,3038.0,370
18:43:42,ESX-FUTURE,ASK,3075.0,426
18:43:43,ESX-FUTURE,BID,3074.0,591
18:43:43,SP-FUTURE,ASK,3038.0,1567
18:43:44,SP-FUTURE,ASK,3038.0,1856
18:43:44,SP-FUTURE,ASK,3038.0,2788
18:43:44,ESX-FUTURE,BID,3078.0,97
18:43:44,ESX-FUTURE,ASK,3079.0,259
18:43:45,ESX-FUTURE,BID,3078.0,1116
18:43:46,SP-FUTURE,ASK,3037.0,2662
18:43:46,ESX-FUTURE,ASK,3083.0,1443
18:43:47,SP-FUTURE,BID,3037.0,374
18:43:47,ESX-FUTURE,ASK,3082.0,28
18:43:48,ESX-FUTURE,BID,3082.0,617
18:43:48,SP-FUTURE,BID,3037.0,408
18:43:50,ESX-FUTURE,BID,3082.0,57
18:43:50,SP-FUTURE,ASK,3038.0,1387
18:43:51,SP-FUTURE,ASK,3038.0,247
18:43:51,SP-FUTURE,ASK,3038.0,120
18:43:51,SP-FUTURE,ASK,3038.0,411
18:43:51,ESX-FUTURE,BID,3083.0,345
18:43:52,ESX-FUTURE,ASK,3083.0,499
18:43:53,SP-FUTURE,ASK,3038.0,291
18:43:53,ESX-FUTURE,ASK,3083.0,375
18:43:54,SP-FUTURE,BID,3037.0,813
18:43:55,ESX-FUTURE,ASK,3083.0,835
18:43:56,SP-FUTURE,BID,3038.0,1881
18:43:56,ESX-FUTURE,BID,3080.0,993
18:43:57,SP-FUTURE,BID,3037.0,43
18:43:57,ESX-FUTURE,BID,3080.0,48
18:43:57,SP-FUTURE,ASK,3038.0,519
18:43:58,ESX-FUTURE,ASK,3080.0,940
18:43:58,SP-FUTURE,BID,3038.0,743
18:43:59,ESX-FUTURE,ASK,3080.0,444
18:43:59,SP-FUTURE,ASK,3038.0,755
18:44:00,ESX-FUTURE,ASK,3080.0,162
18:44:01,ESX-FUTURE,BID,3080.0,263
18:44:01,SP-FUTURE,ASK,3038.0,87
18:44:02,ESX-FUTURE,ASK,3080.0,295
18:44:03,SP-FUTURE,BID,3038.0,231
18:44:03,ESX-FUTURE,ASK,3080.0,1299
18:44:03,ESX-FUTURE,BID,3080.0,693
18:44:05,ESX-FUTURE,BID,3080.0,253
18:44:05,SP-FUTURE,BID,3038.0,1203
18:44:06,ESX-FUTURE,BID,3080.0,1156
18:44:06,SP-FUTURE,ASK,3037.0,128
18:44:07,SP-FUTURE,BID,3037.0,98
18:44:07,ESX-FUTURE,BID,3080.0,576
18:44:08,SP-FUTURE,ASK,3037.0,1821
18:44:09,ESX-FUTURE,BID,3081.0,2475
18:44:10,ESX-FUTURE,BID,3081.0,1404
18:44:10,SP-FUTURE,BID,3033.0,382
18:44:11,ESX-FUTURE,ASK,3081.0,616
18:44:11,SP-FUTURE,BID,3033.0,13
18:44:12,SP-FUTURE,ASK,3034.0,1609
18:44:12,ESX-FUTURE,ASK,3082.0,92
18:44:14,SP-FUTURE,ASK,3034.0,2212
18:44:14,ESX-FUTURE,BID,3084.0,326
18:44:14,SP-FUTURE,ASK,3033.0,560
18:44:15,ESX-FUTURE,BID,3085.0,779
18:44:16,ESX-FUTURE,BID,3085.0,1187
18:44:16,SP-FUTURE,BID,3032.0,196
18:44:17,ESX-FUTURE,ASK,3085.0,254
18:44:17,ESX-FUTURE,BID,3085.0,467
18:44:17,SP-FUTURE,ASK,3032.0,410
18:44:18,ESX-FUTURE,BID,3085.0,515
18:44:18,SP-FUTURE,BID,3032.0,3
18:44:19,ESX-FUTURE,ASK,3085.0,332
18:44:19,ESX-FUTURE,ASK,3085.0,319
18:44:19,SP-FUTURE,BID,3032.0,78
18:44:19,ESX-FUTURE,BID,3085.0,900
18:44:21,SP-FUTURE,BID,3032.0,99
18:44:21,ESX-FUTURE,BID,3085.0,1210
18:44:21,SP-FUTURE,ASK,3032.0,1005
18:44:22,ESX-FUTURE,ASK,3085.0,223
18:44:23,SP-FUTURE,BID,3031.0,2017
18:44:23,SP-FUTURE,ASK,3032.0,402
18:44:23,ESX-FUTURE,ASK,3083.0,1299
18:44:24,ESX-FUTURE,ASK,3083.0,1210
18:44:24,SP-FUTURE,ASK,3032.0,240
18:44:25,ESX-FUTURE,BID,3083.0,934
18:44:26,ESX-FUTURE,ASK,3083.0,574
18:44:26,SP-FUTURE,BID,3032.0,1128
18:44:26,ESX-FUTURE,ASK,3083.0,335
18:44:27,ESX-FUTURE,BID,3083.0,242
18:44:27,SP-FUTURE,ASK,3032.0,261
18:44:28,ESX-FUTURE,ASK,3083.0,491
18:44:28,SP-FUTURE,BID,3032.0,33
18:44:29,ESX-FUTURE,BID,3083.0,1785
18:44:29,ESX-FUTURE,ASK,3083.0,28
18:44:29,SP-FUTURE,BID,3031.0,560
18:44:30,ESX-FUTURE,BID,3083.0,1640
18:44:30,SP-FUTURE,ASK,3030.0,725
18:44:31,ESX-FUTURE,ASK,3083.0,675
18:44:32,SP-FUTURE,BID,3030.0,468
18:44:32,ESX-FUTURE,ASK,3083.0,120
18:44:33,SP-FUTURE,ASK,3030.0,83
18:44:33,ESX-FUTURE,BID,3083.0,198
18:44:34,SP-FUTURE,ASK,3030.0,332
18:44:35,ESX-FUTURE,BID,3083.0,1762
18:44:35,SP-FUTURE,ASK,3030.0,50
18:44:36,ESX-FUTURE,ASK,3083.0,33
18:44:36,SP-FUTURE,ASK,3030.0,1086
18:44:37,ESX-FUTURE,BID,3084.0,47
18:44:37,SP-FUTURE,ASK,3030.0,1453
18:44:37,ESX-FUTURE,ASK,3086.0,2166
18:44:37,SP-FUTURE,BID,3031.0,84
18:44:38,ESX-FUTURE,ASK,3086.0,773
18:44:38,ESX-FUTURE,ASK,3086.0,1459
18:44:39,SP-FUTURE,ASK,3031.0,200
18:44:40,SP-FUTURE,BID,3031.0,561
18:44:40,SP-FUTURE,BID,3031.0,896
18:44:40,ESX-FUTURE,BID,3085.0,53
18:44:41,SP-FUTURE,ASK,3031.0,458
18:44:41,ESX-FUTURE,BID,3085.0,137
18:44:42,SP-FUTURE,BID,3031.0,187
18:44:42,ESX-FUTURE,BID,3085.0,132
18:44:42,SP-FUTURE,BID,3031.0,1073
18:44:43,SP-FUTURE,BID,3031.0,130
18:44:43,SP-FUTURE,BID,3031.0,393
18:44:44,SP-FUTURE,BID,3031.0,380
18:44:44,ESX-FUTURE,BID,3084.0,2190
18:44:45,SP-FUTURE,ASK,3030.0,1478
18:44:45,ESX-FUTURE,BID,3084.0,14
18:44:45,ESX-FUTURE,ASK,3085.0,521
18:44:46,SP-FUTURE,ASK,3030.0,2456
18:44:46,ESX-FUTURE,ASK,3085.0,23
18:44:48,ESX-FUTURE,BID,3085.0,277
18:44:48,SP-FUTURE,ASK,3030.0,6
18:44:49,SP-FUTURE,BID,3030.0,701
18:44:49,ESX-FUTURE,ASK,3085.0,339
18:44:49,SP-FUTURE,BID,3030.0,348
18:44:49,ESX-FUTURE,ASK,3085.0,560
18:44:50,SP-FUTURE,ASK,3030.0,436
18:44:50,ESX-FUTURE,BID,3085.0,461
18:44:51,ESX-FUTURE,BID,3085.0,40
18:44:51,SP-FUTURE,ASK,3030.0,54
18:44:52,SP-FUTURE,ASK,3030.0,174
18:44:52,ESX-FUTURE,ASK,3085.0,347
18:44:53,SP-FUTURE,BID,3030.0,109
18:44:54,ESX-FUTURE,ASK,3085.0,421
18:44:54,SP-FUTURE,BID,3030.0,454
18:44:54,ESX-FUTURE,BID,3085.0,122
18:44:55,SP-FUTURE,BID,3030.0,914
18:44:55,ESX-FUTURE,BID,3084.0,1807
18:44:57,SP-FUTURE,BID,3029.0,186
18:44:57,ESX-FUTURE,ASK,3084.0,884
18:44:57,SP-FUTURE,ASK,3030.0,185
18:44:58,ESX-FUTURE,ASK,3084.0,121
18:44:58,SP-FUTURE,BID,3030.0,256
18:44:59,ESX-FUTURE,ASK,3084.0,1141
18:44:59,SP-FUTURE,BID,3030.0,462
18:45:00,SP-FUTURE,ASK,3031.0,322
18:45:00,ESX-FUTURE,ASK,3084.0,1230
18:45:00,ESX-FUTURE,BID,3084.0,40
18:45:01,SP-FUTURE,BID,3031.0,78
18:45:02,ESX-FUTURE,ASK,3084.0,1818
18:45:02,SP-FUTURE,ASK,3034.0,299
18:45:03,ESX-FUTURE,ASK,3084.0,221
18:45:03,SP-FUTURE,ASK,3034.0,99
18:45:03,ESX-FUTURE,ASK,3084.0,40
18:45:04,ESX-FUTURE,BID,3084.0,2163
18:45:04,SP-FUTURE,BID,3032.0,111
18:45:04,ESX-FUTURE,BID,3084.0,724
18:45:05,SP-FUTURE,ASK,3032.0,217
18:45:05,ESX-FUTURE,BID,3084.0,2077
18:45:06,ESX-FUTURE,BID,3084.0,128
18:45:07,SP-FUTURE,BID,3029.0,1704
18:45:07,ESX-FUTURE,BID,3084.0,991
18:45:08,SP-FUTURE,BID,3029.0,729
18:45:08,SP-FUTURE,BID,3029.0,130
18:45:08,ESX-FUTURE,ASK,3083.0,49
18:45:10,SP-FUTURE,BID,3029.0,508
18:45:10,ESX-FUTURE,ASK,3083.0,652
18:45:10,SP-FUTURE,BID,3029.0,485
18:45:11,ESX-FUTURE,ASK,3083.0,1201
18:45:11,SP-FUTURE,ASK,3030.0,162
18:45:12,ESX-FUTURE,BID,3083.0,591
18:45:12,ESX-FUTURE,ASK,3083.0,471
18:45:13,SP-FUTURE,BID,3030.0,651
18:45:13,ESX-FUTURE,BID,3083.0,362
18:45:14,ESX-FUTURE,BID,3083.0,1485
18:45:14,SP-FUTURE,BID,3029.0,1242
18:45:14,ESX-FUTURE,ASK,3083.0,1788
18:45:15,ESX-FUTURE,ASK,3083.0,1270
18:45:16,SP-FUTURE,BID,3032.0,504
18:45:16,SP-FUTURE,BID,3032.0,561
18:45:16,ESX-FUTURE,ASK,3082.0,26
18:45:17,SP-FUTURE,ASK,3032.0,86
18:45:18,ESX-FUTURE,BID,3082.0,593
18:45:19,SP-FUTURE,ASK,3032.0,923
18:45:19,ESX-FUTURE,BID,3083.0,696
18:45:20,SP-FUTURE,BID,3031.0,1355
18:45:21,ESX-FUTURE,BID,3082.0,815
18:45:22,ESX-FUTURE,BID,3082.0,15
18:45:22,ESX-FUTURE,BID,3082.0,1101
18:45:22,SP-FUTURE,BID,3030.0,225
18:45:22,ESX-FUTURE,BID,3082.0,83
18:45:22,SP-FUTURE,BID,3030.0,127
18:45:24,ESX-FUTURE,ASK,3082.0,58
18:45:24,SP-FUTURE,BID,3030.0,60
18:45:25,SP-FUTURE,ASK,3030.0,362
18:45:25,SP-FUTURE,BID,3030.0,64
18:45:25,ESX-FUTURE,ASK,3082.0,553
18:45:26,ESX-FUTURE,BID,3082.0,50
18:45:26,ESX-FUTURE,BID,3082.0,33
18:45:26,SP-FUTURE,ASK,3030.0,1792
18:45:27,SP-FUTURE,ASK,3030.0,1929
18:45:27,ESX-FUTURE,ASK,3083.0,252
18:45:28,SP-FUTURE,ASK,3030.0,654
18:45:28,ESX-FUTURE,BID,3083.0,343
18:45:29,SP-FUTURE,BID,3030.0,649
18:45:29,SP-FUTURE,ASK,3030.0,435
18:45:29,ESX-FUTURE,ASK,3083.0,7
18:45:31,ESX-FUTURE,ASK,3083.0,994
18:45:31,SP-FUTURE,BID,3031.0,99
18:45:32,ESX-FUTURE,BID,3082.0,472
18:45:32,SP-FUTURE,ASK,3031.0,297
18:45:32,ESX-FUTURE,BID,3082.0,1170
18:45:33,ESX-FUTURE,BID,3082.0,1395
18:45:33,SP-FUTURE,BID,3029.0,1199
18:45:34,ESX-FUTURE,ASK,3082.0,504
18:45:35,SP-FUTURE,ASK,3029.0,581
18:45:35,ESX-FUTURE,BID,3082.0,21
18:45:35,SP-FUTURE,BID,3029.0,369
18:45:36,ESX-FUTURE,ASK,3082.0,426
18:45:36,ESX-FUTURE,ASK,3082.0,934
18:45:36,ESX-FUTURE,ASK,3082.0,629
18:45:37,SP-FUTURE,BID,3030.0,737
18:45:38,ESX-FUTURE,BID,3081.0,457
18:45:38,SP-FUTURE,BID,3030.0,15
18:45:39,SP-FUTURE,ASK,3030.0,1852
18:45:39,ESX-FUTURE,BID,3082.0,124
18:45:40,SP-FUTURE,ASK,3030.0,921
18:45:41,ESX-FUTURE,BID,3082.0,476
18:45:41,ESX-FUTURE,ASK,3082.0,151
18:45:42,ESX-FUTURE,BID,3082.0,1034
18:45:42,SP-FUTURE,ASK,3030.0,113
18:45:42,ESX-FUTURE,ASK,3082.0,923
18:45:42,SP-FUTURE,BID,3030.0,101
18:45:43,SP-FUTURE,ASK,3030.0,304
18:45:44,ESX-FUTURE,ASK,3082.0,61
18:45:45,ESX-FUTURE,ASK,3082.0,29
18:45:46,SP-FUTURE,BID,3030.0,753
18:45:46,ESX-FUTURE,ASK,3082.0,681
18:45:47,ESX-FUTURE,BID,3082.0,723
18:45:47,ESX-FUTURE,BID,3082.0,1220
18:45:47,SP-FUTURE,BID,3030.0,22
18:45:48,ESX-FUTURE,BID,3082.0,580
18:45:48,ESX-FUTURE,BID,3082.0,1043
18:45:49,SP-FUTURE,ASK,3029.0,342
18:45:49,ESX-FUTURE,BID,3082.0,984
18:45:50,SP-FUTURE,ASK,3029.0,508
18:45:51,ESX-FUTURE,ASK,3082.0,419
18:45:52,SP-FUTURE,BID,3029.0,387
18:45:52,ESX-FUTURE,ASK,3082.0,1786
18:45:53,SP-FUTURE,BID,3030.0,43
18:45:53,ESX-FUTURE,ASK,3082.0,481
18:45:54,ESX-FUTURE,BID,3082.0,52
18:45:55,SP-FUTURE,ASK,3030.0,2089
18:45:55,ESX-FUTURE,ASK,3083.0,252
18:45:56,SP-FUTURE,ASK,3030.0,1042
18:45:56,SP-FUTURE,BID,3030.0,171
18:45:57,ESX-FUTURE,BID,3083.0,688
18:45:57,ESX-FUTURE,ASK,3083.0,539
18:45:57,SP-FUTURE,BID,3030.0,2
18:45:58,SP-FUTURE,BID,3030.0,42
18:45:58,ESX-FUTURE,ASK,3083.0,266
18:45:59,SP-FUTURE,BID,3030.0,150
18:45:59,ESX-FUTURE,BID,3083.0,14
18:46:00,ESX-FUTURE,ASK,3083.0,701
18:46:00,SP-FUTURE,BID,3030.0,11
18:46:01,SP-FUTURE,ASK,3030.0,791
18:46:01,SP-FUTURE,BID,3030.0,187
18:46:01,ESX-FUTURE,BID,3083.0,336
18:46:02,ESX-FUTURE,BID,3083.0,644
18:46:03,SP-FUTURE,ASK,3030.0,726
18:46:04,ESX-FUTURE,BID,3083.0,919
18:46:04,SP-FUTURE,ASK,3029.0,192
18:46:05,SP-FUTURE,BID,3029.0,666
18:46:06,ESX-FUTURE,ASK,3083.0,134
18:46:06,ESX-FUTURE,ASK,3083.0,481
18:46:06,SP-FUTURE,BID,3029.0,1423
18:46:07,ESX-FUTURE,ASK,3082.0,85
18:46:07,SP-FUTURE,BID,3029.0,1158
18:46:08,ESX-FUTURE,BID,3082.0,123
18:46:09,SP-FUTURE,BID,3029.0,199
18:46:09,SP-FUTURE,ASK,3029.0,914
18:46:09,ESX-FUTURE,BID,3082.0,640
18:46:10,SP-FUTURE,BID,3029.0,163
18:46:11,ESX-FUTURE,ASK,3083.0,415
18:46:11,SP-FUTURE,BID,3029.0,21
18:46:12,ESX-FUTURE,ASK,3083.0,4
18:46:12,SP-FUTURE,BID,3029.0,167
18:46:13,ESX-FUTURE,BID,3082.0,731
18:46:13,SP-FUTURE,BID,3028.0,514
18:46:13,ESX-FUTURE,ASK,3082.0,248
18:46:14,SP-FUTURE,ASK,3029.0,307
18:46:14,ESX-FUTURE,ASK,3083.0,1441
18:46:14,SP-FUTURE,BID,3029.0,15
18:46:16,ESX-FUTURE,ASK,3083.0,296
18:46:16,SP-FUTURE,BID,3029.0,1203
18:46:16,ESX-FUTURE,ASK,3082.0,543
18:46:16,SP-FUTURE,BID,3029.0,327
18:46:17,ESX-FUTURE,BID,3081.0,31
18:46:18,SP-FUTURE,ASK,3030.0,270
18:46:18,SP-FUTURE,BID,3029.0,962
18:46:18,ESX-FUTURE,ASK,3082.0,728
18:46:19,ESX-FUTURE,ASK,3082.0,1397
18:46:19,SP-FUTURE,BID,3030.0,262
18:46:20,ESX-FUTURE,ASK,3081.0,546
18:46:21,SP-FUTURE,BID,3030.0,430
18:46:21,ESX-FUTURE,BID,3081.0,196
18:46:22,SP-FUTURE,ASK,3030.0,430
18:46:22,ESX-FUTURE,BID,3081.0,487
18:46:22,ESX-FUTURE,BID,3081.0,235
18:46:23,SP-FUTURE,ASK,3030.0,389
18:46:23,ESX-FUTURE,BID,3081.0,139
18:46:24,SP-FUTURE,ASK,3030.0,84
18:46:25,ESX-FUTURE,ASK,3082.0,48
18:46:25,SP-FUTURE,BID,3030.0,255
18:46:26,SP-FUTURE,ASK,3030.0,434
18:46:27,ESX-FUTURE,ASK,3082.0,323
18:46:27,ESX-FUTURE,BID,3081.0,1337
18:46:27,ESX-FUTURE,BID,3081.0,588
18:46:27,ESX-FUTURE,ASK,3082.0,42
18:46:28,ESX-FUTURE,ASK,3082.0,51
18:46:28,SP-FUTURE,BID,3029.0,46
18:46:29,ESX-FUTURE,ASK,3082.0,361
18:46:29,SP-FUTURE,ASK,3029.0,36
18:46:30,ESX-FUTURE,BID,3081.0,1195
18:46:30,SP-FUTURE,ASK,3029.0,2123
18:46:30,SP-FUTURE,ASK,3029.0,173
18:46:31,ESX-FUTURE,ASK,3083.0,1267
18:46:31,SP-FUTURE,ASK,3030.0,635
18:46:32,ESX-FUTURE,ASK,3083.0,867
18:46:32,SP-FUTURE,ASK,3030.0,406
18:46:33,SP-FUTURE,ASK,3030.0,79
18:46:34,ESX-FUTURE,ASK,3084.0,23
18:46:34,SP-FUTURE,ASK,3030.0,142
18:46:35,SP-FUTURE,ASK,3030.0,103
18:46:35,ESX-FUTURE,BID,3083.0,159
18:46:36,SP-FUTURE,ASK,3030.0,14
18:46:36,ESX-FUTURE,ASK,3084.0,499
18:46:36,SP-FUTURE,BID,3030.0,522
18:46:37,SP-FUTURE,ASK,3030.0,73
18:46:37,ESX-FUTURE,BID,3083.0,768
18:46:38,ESX-FUTURE,BID,3083.0,331
18:46:38,SP-FUTURE,BID,3030.0,904
18:46:39,ESX-FUTURE,BID,3083.0,5
18:46:40,SP-FUTURE,ASK,3030.0,237
18:46:41,SP-FUTURE,BID,3030.0,239
18:46:42,ESX-FUTURE,BID,3083.0,539
18:46:42,SP-FUTURE,ASK,3030.0,261
18:46:42,ESX-FUTURE,ASK,3083.0,319
18:46:43,ESX-FUTURE,BID,3083.0,342
18:46:43,SP-FUTURE,ASK,3030.0,1024
18:46:43,SP-FUTURE,BID,3030.0,196
18:46:44,ESX-FUTURE,BID,3083.0,613
18:46:45,SP-FUTURE,ASK,3030.0,763
18:46:45,SP-FUTURE,BID,3030.0,198
18:46:45,ESX-FUTURE,ASK,3084.0,122
18:46:46,SP-FUTURE,ASK,3030.0,646
18:46:47,SP-FUTURE,ASK,3030.0,1423
18:46:47,SP-FUTURE,BID,3030.0,329
18:46:47,ESX-FUTURE,BID,3084.0,852
18:46:48,ESX-FUTURE,ASK,3084.0,118
18:46:48,ESX-FUTURE,BID,3084.0,675
18:46:49,SP-FUTURE,ASK,3029.0,2196
18:46:49,ESX-FUTURE,ASK,3085.0,1136
18:46:49,SP-FUTURE,BID,3030.0,338
18:46:50,SP-FUTURE,ASK,3030.0,2
18:46:50,ESX-FUTURE,BID,3085.0,2020
18:46:51,SP-FUTURE,ASK,3030.0,2570
18:46:52,ESX-FUTURE,ASK,3089.0,162
18:46:52,SP-FUTURE,BID,3030.0,63
18:46:53,SP-FUTURE,BID,3030.0,521
18:46:53,ESX-FUTURE,ASK,3089.0,982
18:46:54,SP-FUTURE,ASK,3030.0,123
18:46:54,SP-FUTURE,BID,3030.0,1507
18:46:55,SP-FUTURE,ASK,3030.0,1072
18:46:55,ESX-FUTURE,BID,3088.0,17
18:46:56,ESX-FUTURE,BID,3088.0,335
18:46:57,ESX-FUTURE,ASK,3088.0,2324
18:46:57,SP-FUTURE,BID,3033.0,508
18:46:58,SP-FUTURE,BID,3033.0,707
18:46:58,ESX-FUTURE,ASK,3087.0,91
18:46:58,ESX-FUTURE,ASK,3087.0,159
18:46:58,SP-FUTURE,ASK,3033.0,118
18:46:59,SP-FUTURE,ASK,3033.0,314
18:46:59,ESX-FUTURE,ASK,3087.0,1102
18:47:00,SP-FUTURE,BID,3033.0,1524
18:47:01,ESX-FUTURE,ASK,3087.0,937
18:47:01,SP-FUTURE,BID,3034.0,339
18:47:02,ESX-FUTURE,ASK,3087.0,719
18:47:02,SP-FUTURE,ASK,3034.0,210
18:47:03,ESX-FUTURE,ASK,3087.0,291
18:47:03,SP-FUTURE,ASK,3034.0,352
18:47:04,ESX-FUTURE,BID,3087.0,1
18:47:04,SP-FUTURE,BID,3034.0,1145
18:47:05,ESX-FUTURE,ASK,3087.0,125
18:47:05,SP-FUTURE,ASK,3034.0,25
18:47:05,SP-FUTURE,ASK,3034.0,24
18:47:06,ESX-FUTURE,BID,3086.0,235
18:47:06,SP-FUTURE,BID,3034.0,624
18:47:07,ESX-FUTURE,BID,3086.0,682
18:47:07,ESX-FUTURE,BID,3086.0,1130
18:47:08,SP-FUTURE,BID,3033.0,206
18:47:08,ESX-FUTURE,ASK,3087.0,627
18:47:09,SP-FUTURE,BID,3034.0,206
18:47:10,ESX-FUTURE,BID,3086.0,75
18:47:11,SP-FUTURE,ASK,3034.0,376
18:47:11,ESX-FUTURE,BID,3086.0,102
18:47:12,ESX-FUTURE,ASK,3087.0,906
18:47:12,SP-FUTURE,BID,3034.0,89
18:47:13,ESX-FUTURE,ASK,3087.0,73
18:47:13,SP-FUTURE,ASK,3035.0,791
18:47:14,ESX-FUTURE,BID,3087.0,3
18:47:14,SP-FUTURE,ASK,3035.0,764
18:47:15,ESX-FUTURE,BID,3087.0,271
18:47:16,SP-FUTURE,ASK,3034.0,64
18:47:16,ESX-FUTURE,ASK,3087.0,953
18:47:16,ESX-FUTURE,ASK,3087.0,1278
18:47:17,ESX-FUTURE,ASK,3087.0,707
18:47:17,SP-FUTURE,BID,3036.0,30
18:47:18,ESX-FUTURE,ASK,3087.0,1096
18:47:19,SP-FUTURE,BID,3037.0,465
18:47:20,ESX-FUTURE,ASK,3087.0,489
18:47:21,SP-FUTURE,ASK,3037.0,256
18:47:21,ESX-FUTURE,ASK,3087.0,1714
18:47:22,ESX-FUTURE,ASK,3087.0,1460
18:47:22,SP-FUTURE,BID,3038.0,16
18:47:22,SP-FUTURE,BID,3038.0,849
18:47:23,ESX-FUTURE,ASK,3087.0,7
18:47:24,ESX-FUTURE,BID,3086.0,135
18:47:25,SP-FUTURE,BID,3038.0,476
18:47:25,ESX-FUTURE,BID,3086.0,1804
18:47:25,SP-FUTURE,BID,3038.0,43
18:47:25,ESX-FUTURE,BID,3086.0,1486
18:47:26,SP-FUTURE,BID,3037.0,491
18:47:27,ESX-FUTURE,BID,3086.0,163
18:47:27,SP-FUTURE,ASK,3037.0,542
18:47:28,SP-FUTURE,BID,3037.0,94
18:47:28,ESX-FUTURE,ASK,3087.0,493
18:47:29,SP-FUTURE,BID,3037.0,215
18:47:29,ESX-FUTURE,BID,3087.0,227
18:47:30,SP-FUTURE,ASK,3038.0,2144
18:47:31,SP-FUTURE,BID,3037.0,55
18:47:31,ESX-FUTURE,BID,3089.0,1257
18:47:31,ESX-FUTURE,ASK,3089.0,6
18:47:32,SP-FUTURE,BID,3037.0,989
18:47:32,ESX-FUTURE,BID,3088.0,4
18:47:33,SP-FUTURE,BID,3037.0,935
18:47:33,SP-FUTURE,ASK,3037.0,847
18:47:34,ESX-FUTURE,BID,3088.0,1275
18:47:34,SP-FUTURE,ASK,3036.0,328
18:47:35,SP-FUTURE,BID,3036.0,53
18:47:35,ESX-FUTURE,BID,3088.0,621
18:47:35,ESX-FUTURE,ASK,3088.0,275
18:47:35,SP-FUTURE,ASK,3036.0,647
18:47:36,ESX-FUTURE,ASK,3089.0,52
18:47:36,SP-FUTURE,BID,3036.0,269
18:47:37,ESX-FUTURE,BID,3088.0,1396
18:47:38,SP-FUTURE,ASK,3035.0,64
18:47:39,ESX-FUTURE,ASK,3089.0,305
18:47:39,SP-FUTURE,BID,3035.0,368
18:47:39,ESX-FUTURE,BID,3088.0,186
18:47:40,SP-FUTURE,ASK,3035.0,1952
18:47:40,SP-FUTURE,ASK,3035.0,841
18:47:40,ESX-FUTURE,BID,3089.0,1382
18:47:42,ESX-FUTURE,BID,3089.0,1239
18:47:42,SP-FUTURE,BID,3034.0,486
18:47:42,ESX-FUTURE,BID,3089.0,2119
18:47:42,SP-FUTURE,BID,3033.0,63
18:47:44,ESX-FUTURE,BID,3089.0,1722
18:47:44,SP-FUTURE,BID,3032.0,245
18:47:44,ESX-FUTURE,BID,3089.0,1014
18:47:45,SP-FUTURE,ASK,3031.0,119
18:47:46,ESX-FUTURE,BID,3089.0,1299
18:47:46,SP-FUTURE,ASK,3030.0,373
18:47:47,SP-FUTURE,BID,3029.0,1560
18:47:47,ESX-FUTURE,ASK,3088.0,1357
18:47:48,ESX-FUTURE,BID,3087.0,84
18:47:48,SP-FUTURE,ASK,3030.0,520
18:47:50,ESX-FUTURE,BID,3088.0,9
18:47:50,SP-FUTURE,BID,3030.0,445
18:47:50,SP-FUTURE,BID,3030.0,150
18:47:50,SP-FUTURE,BID,3030.0,1733
18:47:51,ESX-FUTURE,ASK,3086.0,314
18:47:52,ESX-FUTURE,BID,3085.0,12
18:47:52,SP-FUTURE,ASK,3030.0,54
18:47:53,SP-FUTURE,ASK,3030.0,104
18:47:53,ESX-FUTURE,BID,3085.0,318
18:47:54,SP-FUTURE,BID,3030.0,243
18:47:54,ESX-FUTURE,ASK,3086.0,352
18:47:55,ESX-FUTURE,BID,3085.0,1031
18:47:55,SP-FUTURE,BID,3029.0,58
18:47:55,SP-FUTURE,ASK,3029.0,17
18:47:56,SP-FUTURE,BID,3029.0,172
18:47:56,ESX-FUTURE,ASK,3086.0,782
18:47:57,SP-FUTURE,BID,3029.0,492
18:47:57,ESX-FUTURE,BID,3085.0,246
18:47:58,ESX-FUTURE,ASK,3085.0,325
18:47:58,SP-FUTURE,BID,3029.0,44
18:47:58,ESX-FUTURE,ASK,3085.0,1066
18:47:59,SP-FUTURE,ASK,3030.0,92
18:47:59,ESX-FUTURE,BID,3085.0,446
18:48:00,ESX-FUTURE,BID,3085.0,622
18:48:01,SP-FUTURE,BID,3030.0,108
18:48:01,ESX-FUTURE,BID,3085.0,331
18:48:01,ESX-FUTURE,BID,3085.0,1266
18:48:01,ESX-FUTURE,ASK,3085.0,534
18:48:02,SP-FUTURE,BID,3028.0,639
18:48:02,ESX-FUTURE,ASK,3085.0,108
18:48:02,SP-FUTURE,BID,3028.0,1469
18:48:03,ESX-FUTURE,BID,3085.0,137
18:48:04,SP-FUTURE,ASK,3029.0,318
18:48:04,ESX-FUTURE,ASK,3085.0,44
18:48:05,SP-FUTURE,BID,3028.0,1515
18:48:05,SP-FUTURE,ASK,3029.0,165
18:48:05,SP-FUTURE,ASK,3029.0,416
18:48:05,ESX-FUTURE,ASK,3084.0,170
18:48:05,SP-FUTURE,ASK,3029.0,36
18:48:07,SP-FUTURE,BID,3028.0,1583
18:48:07,ESX-FUTURE,BID,3084.0,529
18:48:08,ESX-FUTURE,ASK,3084.0,187
18:48:08,SP-FUTURE,BID,3028.0,261
18:48:09,ESX-FUTURE,ASK,3084.0,80
18:48:10,SP-FUTURE,ASK,3029.0,454
18:48:10,SP-FUTURE,ASK,3029.0,107
18:48:10,SP-FUTURE,BID,3028.0,1318
18:48:10,ESX-FUTURE,BID,3084.0,9
18:48:11,ESX-FUTURE,BID,3084.0,91
18:48:11,SP-FUTURE,ASK,3029.0,747
18:48:12,ESX-FUTURE,ASK,3085.0,1232
18:48:12,SP-FUTURE,BID,3029.0,215
18:48:13,ESX-FUTURE,ASK,3085.0,2092
18:48:13,ESX-FUTURE,ASK,3085.0,486
18:48:13,SP-FUTURE,ASK,3031.0,1050
18:48:14,ESX-FUTURE,BID,3085.0,239
18:48:14,SP-FUTURE,ASK,3031.0,53
18:48:15,ESX-FUTURE,ASK,3085.0,1552
18:48:15,SP-FUTURE,BID,3031.0,167
18:48:16,ESX-FUTURE,ASK,3085.0,23
18:48:16,SP-FUTURE,ASK,3032.0,783
18:48:17,ESX-FUTURE,BID,3085.0,87
18:48:18,SP-FUTURE,BID,3031.0,54
18:48:18,ESX-FUTURE,ASK,3085.0,2394
18:48:18,SP-FUTURE,BID,3034.0,1679
18:48:18,SP-FUTURE,ASK,3035.0,136
18:48:18,ESX-FUTURE,ASK,3084.0,88
18:48:19,ESX-FUTURE,BID,3084.0,1453
18:48:19,SP-FUTURE,ASK,3034.0,1464
18:48:20,ESX-FUTURE,BID,3086.0,104
18:48:20,ESX-FUTURE,ASK,3086.0,2539
18:48:20,SP-FUTURE,BID,3037.0,98
18:48:21,ESX-FUTURE,ASK,3086.0,35
18:48:21,SP-FUTURE,ASK,3037.0,557
18:48:21,ESX-FUTURE,ASK,3086.0,1180
18:48:22,SP-FUTURE,ASK,3037.0,50
18:48:22,ESX-FUTURE,BID,3086.0,1114
18:48:23,SP-FUTURE,BID,3036.0,421
18:48:23,ESX-FUTURE,ASK,3086.0,383
18:48:24,SP-FUTURE,BID,3036.0,442
18:48:25,ESX-FUTURE,ASK,3086.0,343
18:48:25,SP-FUTURE,BID,3036.0,281
18:48:26,SP-FUTURE,BID,3036.0,215
18:48:26,ESX-FUTURE,BID,3085.0,988
18:48:27,ESX-FUTURE,BID,3085.0,1378
18:48:27,SP-FUTURE,BID,3036.0,759
18:48:27,SP-FUTURE,BID,3036.0,982
18:48:28,ESX-FUTURE,ASK,3085.0,1873
18:48:28,ESX-FUTURE,BID,3085.0,217
18:48:29,SP-FUTURE,ASK,3037.0,371
18:48:29,ESX-FUTURE,ASK,3085.0,257
18:48:30,SP-FUTURE,ASK,3037.0,55
18:48:31,ESX-FUTURE,BID,3085.0,119
18:48:31,ESX-FUTURE,ASK,3085.0,656
18:48:31,SP-FUTURE,ASK,3037.0,318
18:48:32,ESX-FUTURE,BID,3085.0,111
18:48:33,ESX-FUTURE,ASK,3085.0,2296
18:48:33,SP-FUTURE,ASK,3039.0,905
18:48:34,ESX-FUTURE,ASK,3085.0,634
18:48:34,SP-FUTURE,ASK,3039.0,1366
18:48:34,SP-FUTURE,BID,3039.0,1092
18:48:35,ESX-FUTURE,ASK,3085.0,220
18:48:35,SP-FUTURE,BID,3039.0,372
18:48:36,ESX-FUTURE,BID,3085.0,413
18:48:36,SP-FUTURE,BID,3039.0,11
18:48:37,SP-FUTURE,ASK,3039.0,682
18:48:37,ESX-FUTURE,ASK,3085.0,532
18:48:38,ESX-FUTURE,ASK,3085.0,789
18:48:38,SP-FUTURE,ASK,3040.0,19
18:48:39,ESX-FUTURE,BID,3085.0,958
18:48:39,ESX-FUTURE,BID,3085.0,1081
18:48:40,SP-FUTURE,ASK,3039.0,224
18:48:40,ESX-FUTURE,ASK,3085.0,100
18:48:40,ESX-FUTURE,BID,3085.0,2029
18:48:41,SP-FUTURE,BID,3038.0,332
18:48:41,ESX-FUTURE,ASK,3085.0,148
18:48:42,SP-FUTURE,BID,3038.0,236
18:48:43,ESX-FUTURE,ASK,3085.0,169
18:48:43,SP-FUTURE,ASK,3038.0,1081
18:48:44,SP-FUTURE,BID,3038.0,188
18:48:45,ESX-FUTURE,BID,3086.0,89
18:48:45,SP-FUTURE,ASK,3038.0,461
18:48:45,SP-FUTURE,ASK,3038.0,777
18:48:46,SP-FUTURE,ASK,3038.0,1363
18:48:46,ESX-FUTURE,ASK,3087.0,77
18:48:47,SP-FUTURE,BID,3038.0,350
18:48:47,SP-FUTURE,BID,3038.0,163
18:48:48,ESX-FUTURE,BID,3086.0,322
18:48:48,SP-FUTURE,BID,3038.0,365
18:48:49,SP-FUTURE,BID,3038.0,755
18:48:50,SP-FUTURE,ASK,3038.0,54
18:48:50,ESX-FUTURE,BID,3086.0,354
18:48:51,ESX-FUTURE,ASK,3086.0,468
18:48:51,SP-FUTURE,ASK,3038.0,566
18:48:52,SP-FUTURE,BID,3038.0,101
18:48:52,ESX-FUTURE,ASK,3087.0,1438
18:48:53,SP-FUTURE,ASK,3038.0,137
18:48:54,ESX-FUTURE,BID,3086.0,101
18:48:54,SP-FUTURE,ASK,3038.0,47
18:48:56,SP-FUTURE,ASK,3038.0,134
18:48:56,ESX-FUTURE,ASK,3087.0,1205
18:48:56,ESX-FUTURE,ASK,3087.0,1352
18:48:56,SP-FUTURE,ASK,3040.0,280
18:48:57,ESX-FUTURE,BID,3086.0,1753
18:48:57,ESX-FUTURE,BID,3086.0,1108
18:48:58,SP-FUTURE,ASK,3037.0,35
18:48:58,ESX-FUTURE,ASK,3087.0,1132
18:49:00,ESX-FUTURE,BID,3086.0,135
18:49:00,SP-FUTURE,BID,3038.0,1430
18:49:00,ESX-FUTURE,ASK,3086.0,138
18:49:01,ESX-FUTURE,BID,3086.0,108
18:49:02,SP-FUTURE,ASK,3038.0,2044
18:49:02,ESX-FUTURE,ASK,3087.0,66
18:49:03,SP-FUTURE,BID,3038.0,287
18:49:03,ESX-FUTURE,ASK,3087.0,1663
18:49:04,SP-FUTURE,ASK,3039.0,29
18:49:04,SP-FUTURE,BID,3039.0,478
18:49:04,ESX-FUTURE,ASK,3087.0,169
18:49:05,SP-FUTURE,BID,3039.0,1199
18:49:05,SP-FUTURE,BID,3039.0,2748
18:49:06,ESX-FUTURE,BID,3083.0,95
18:49:06,ESX-FUTURE,BID,3083.0,1027
18:49:07,ESX-FUTURE,BID,3083.0,2238
18:49:07,SP-FUTURE,ASK,3036.0,1012
18:49:08,ESX-FUTURE,ASK,3084.0,912
18:49:08,SP-FUTURE,ASK,3037.0,88
18:49:08,SP-FUTURE,BID,3036.0,127
18:49:09,ESX-FUTURE,ASK,3084.0,420
18:49:10,SP-FUTURE,ASK,3037.0,738
18:49:10,SP-FUTURE,ASK,3037.0,121
18:49:11,SP-FUTURE,BID,3037.0,186
18:49:11,ESX-FUTURE,BID,3084.0,37
18:49:11,SP-FUTURE,ASK,3037.0,449
18:49:12,ESX-FUTURE,BID,3084.0,247
18:49:12,SP-FUTURE,ASK,3037.0,325
18:49:13,SP-FUTURE,ASK,3037.0,90
18:49:13,ESX-FUTURE,BID,3084.0,901
18:49:14,SP-FUTURE,BID,3036.0,1449
18:49:14,ESX-FUTURE,ASK,3083.0,45
18:49:15,ESX-FUTURE,ASK,3083.0,638
18:49:15,SP-FUTURE,BID,3037.0,127
18:49:16,SP-FUTURE,ASK,3037.0,429
18:49:17,ESX-FUTURE,ASK,3083.0,31
18:49:17,ESX-FUTURE,ASK,3083.0,347
18:49:18,SP-FUTURE,BID,3037.0,641
18:49:18,ESX-FUTURE,ASK,3083.0,377
18:49:19,SP-FUTURE,BID,3037.0,1945
18:49:19,ESX-FUTURE,BID,3081.0,456
18:49:19,SP-FUTURE,BID,3037.0,677
18:49:20,ESX-FUTURE,ASK,3081.0,1093
18:49:20,SP-FUTURE,BID,3037.0,782
18:49:21,ESX-FUTURE,ASK,3081.0,398
18:49:22,ESX-FUTURE,ASK,3081.0,510
18:49:22,SP-FUTURE,BID,3038.0,333
18:49:22,ESX-FUTURE,BID,3080.0,652
18:49:23,ESX-FUTURE,ASK,3081.0,542
18:49:23,SP-FUTURE,ASK,3038.0,490
18:49:24,ESX-FUTURE,ASK,3081.0,167
18:49:24,SP-FUTURE,ASK,3038.0,91
18:49:25,ESX-FUTURE,ASK,3081.0,91
18:49:25,ESX-FUTURE,ASK,3081.0,34
18:49:25,SP-FUTURE,BID,3037.0,582
18:49:25,SP-FUTURE,BID,3037.0,1148
18:49:26,ESX-FUTURE,ASK,3080.0,1829
18:49:26,SP-FUTURE,BID,3038.0,328
18:49:27,ESX-FUTURE,BID,3080.0,1092
18:49:27,SP-FUTURE,BID,3038.0,57
18:49:27,ESX-FUTURE,BID,3080.0,95
18:49:28,SP-FUTURE,ASK,3038.0,924
18:49:28,ESX-FUTURE,ASK,3080.0,177
18:49:29,SP-FUTURE,BID,3038.0,195
18:49:30,ESX-FUTURE,BID,3080.0,313
18:49:31,SP-FUTURE,BID,3038.0,988
18:49:31,ESX-FUTURE,BID,3080.0,1812
18:49:32,SP-FUTURE,ASK,3036.0,327
18:49:32,ESX-FUTURE,BID,3080.0,97
18:49:32,SP-FUTURE,BID,3036.0,144
18:49:33,SP-FUTURE,BID,3036.0,484
18:49:34,ESX-FUTURE,ASK,3080.0,302
18:49:34,ESX-FUTURE,BID,3080.0,469
18:49:34,SP-FUTURE,ASK,3036.0,714
18:49:34,SP-FUTURE,ASK,3036.0,54
18:49:35,ESX-FUTURE,BID,3080.0,49
18:49:36,SP-FUTURE,BID,3036.0,866
18:49:36,SP-FUTURE,ASK,3036.0,231
18:49:36,ESX-FUTURE,ASK,3080.0,486
18:49:36,ESX-FUTURE,ASK,3080.0,2428
18:49:37,SP-FUTURE,BID,3039.0,978
18:49:38,ESX-FUTURE,BID,3079.0,48
18:49:39,SP-FUTURE,ASK,3039.0,449
18:49:39,ESX-FUTURE,ASK,3079.0,410
18:49:40,SP-FUTURE,ASK,3039.0,215
18:49:40,SP-FUTURE,ASK,3039.0,121
18:49:40,ESX-FUTURE,BID,3079.0,588
18:49:42,ESX-FUTURE,BID,3079.0,644
18:49:42,SP-FUTURE,ASK,3039.0,3
18:49:42,ESX-FUTURE,ASK,3079.0,524
18:49:43,SP-FUTURE,BID,3039.0,22
18:49:43,ESX-FUTURE,BID,3079.0,912
18:49:44,ESX-FUTURE,BID,3079.0,1310
18:49:44,SP-FUTURE,ASK,3038.0,113
18:49:44,SP-FUTURE,ASK,3038.0,231
18:49:45,SP-FUTURE,ASK,3038.0,44
18:49:46,ESX-FUTURE,BID,3079.0,683
18:49:47,SP-FUTURE,BID,3038.0,198
18:49:47,ESX-FUTURE,BID,3079.0,582
18:49:47,SP-FUTURE,BID,3037.0,1005
18:49:48,ESX-FUTURE,ASK,3079.0,548
18:49:48,ESX-FUTURE,ASK,3079.0,365
18:49:48,SP-FUTURE,BID,3038.0,14
18:49:49,SP-FUTURE,BID,3038.0,503
18:49:49,SP-FUTURE,ASK,3038.0,282
18:49:49,ESX-FUTURE,ASK,3079.0,296
18:49:50,SP-FUTURE,ASK,3038.0,809
18:49:51,ESX-FUTURE,BID,3079.0,1084
18:49:51,SP-FUTURE,BID,3037.0,563
18:49:52,ESX-FUTURE,BID,3078.0,808
18:49:52,SP-FUTURE,BID,3037.0,48
18:49:54,SP-FUTURE,ASK,3037.0,1618
18:49:54,ESX-FUTURE,ASK,3080.0,83
18:49:54,SP-FUTURE,ASK,3037.0,102
18:49:54,SP-FUTURE,ASK,3037.0,566
18:49:55,ESX-FUTURE,BID,3079.0,2673
18:49:55,ESX-FUTURE,BID,3079.0,1526
18:49:55,SP-FUTURE,ASK,3036.0,892
18:49:56,SP-FUTURE,ASK,3036.0,1652
18:49:56,ESX-FUTURE,ASK,3082.0,71
18:49:58,ESX-FUTURE,BID,3081.0,497
18:49:58,SP-FUTURE,BID,3036.0,382
18:49:58,ESX-FUTURE,ASK,3082.0,942
18:49:59,SP-FUTURE,BID,3036.0,1755
18:49:59,ESX-FUTURE,ASK,3080.0,551
18:49:59,SP-FUTURE,ASK,3037.0,171
18:50:00,ESX-FUTURE,ASK,3080.0,434
18:50:00,SP-FUTURE,ASK,3037.0,795
18:50:01,ESX-FUTURE,ASK,3080.0,22
18:50:01,SP-FUTURE,ASK,3037.0,520
18:50:01,SP-FUTURE,ASK,3037.0,577
18:50:01,ESX-FUTURE,BID,3081.0,1565
18:50:02,SP-FUTURE,ASK,3036.0,32
18:50:02,ESX-FUTURE,BID,3081.0,496
18:50:03,SP-FUTURE,ASK,3036.0,183
18:50:03,ESX-FUTURE,ASK,3081.0,52
18:50:04,ESX-FUTURE,BID,3081.0,2266
18:50:04,SP-FUTURE,ASK,3035.0,345
18:50:05,ESX-FUTURE,ASK,3081.0,79
18:50:06,SP-FUTURE,ASK,3035.0,161
18:50:06,ESX-FUTURE,ASK,3081.0,288
18:50:07,SP-FUTURE,BID,3035.0,110
18:50:08,ESX-FUTURE,BID,3081.0,1387
18:50:08,SP-FUTURE,ASK,3035.0,313
18:50:09,ESX-FUTURE,BID,3081.0,835
18:50:09,SP-FUTURE,ASK,3034.0,306
18:50:11,SP-FUTURE,ASK,3034.0,168
18:50:11,SP-FUTURE,BID,3034.0,481
18:50:12,ESX-FUTURE,ASK,3081.0,1440
18:50:12,ESX-FUTURE,ASK,3081.0,1431
18:50:12,SP-FUTURE,ASK,3035.0,104
18:50:13,ESX-FUTURE,BID,3081.0,110
18:50:13,ESX-FUTURE,BID,3081.0,318
18:50:13,SP-FUTURE,BID,3035.0,649
18:50:14,ESX-FUTURE,BID,3081.0,43
18:50:14,SP-FUTURE,BID,3035.0,311
18:50:15,SP-FUTURE,BID,3035.0,1265
18:50:16,SP-FUTURE,ASK,3035.0,53
18:50:16,ESX-FUTURE,BID,3081.0,219
18:50:17,ESX-FUTURE,ASK,3081.0,127
18:50:17,SP-FUTURE,ASK,3035.0,1051
18:50:17,SP-FUTURE,BID,3035.0,20
18:50:18,ESX-FUTURE,ASK,3081.0,882
18:50:18,SP-FUTURE,BID,3035.0,168
18:50:18,ESX-FUTURE,ASK,3081.0,630
18:50:18,SP-FUTURE,ASK,3036.0,1066
18:50:19,ESX-FUTURE,ASK,3081.0,492
18:50:19,SP-FUTURE,BID,3036.0,267
18:50:21,SP-FUTURE,ASK,3036.0,810
18:50:21,ESX-FUTURE,ASK,3082.0,495
18:50:21,SP-FUTURE,ASK,3036.0,151
18:50:22,ESX-FUTURE,ASK,3082.0,284
18:50:22,SP-FUTURE,BID,3036.0,473
18:50:22,SP-FUTURE,ASK,3036.0,135
18:50:23,ESX-FUTURE,BID,3081.0,467
18:50:23,SP-FUTURE,BID,3036.0,611
18:50:23,ESX-FUTURE,BID,3081.0,643
18:50:23,SP-FUTURE,ASK,3036.0,95
18:50:24,ESX-FUTURE,BID,3081.0,556
18:50:24,SP-FUTURE,ASK,3036.0,134
18:50:24,ESX-FUTURE,BID,3081.0,228
18:50:25,ESX-FUTURE,BID,3081.0,1228
18:50:25,SP-FUTURE,ASK,3036.0,18
18:50:26,ESX-FUTURE,BID,3081.0,1561
18:50:26,SP-FUTURE,ASK,3036.0,244
18:50:27,ESX-FUTURE,ASK,3081.0,534
18:50:28,SP-FUTURE,BID,3035.0,701
18:50:29,ESX-FUTURE,BID,3081.0,89
18:50:29,SP-FUTURE,BID,3035.0,347
18:50:30,SP-FUTURE,BID,3035.0,892
18:50:31,ESX-FUTURE,BID,3081.0,212
18:50:32,SP-FUTURE,BID,3035.0,117
18:50:32,ESX-FUTURE,ASK,3081.0,361
18:50:33,SP-FUTURE,ASK,3036.0,246
18:50:33,ESX-FUTURE,ASK,3081.0,149
18:50:34,ESX-FUTURE,ASK,3081.0,65
18:50:34,SP-FUTURE,ASK,3036.0,117
18:50:34,ESX-FUTURE,ASK,3081.0,20
18:50:36,SP-FUTURE,ASK,3036.0,78
18:50:36,ESX-FUTURE,BID,3081.0,1213
18:50:37,ESX-FUTURE,ASK,3081.0,126
18:50:37,SP-FUTURE,BID,3035.0,1560
18:50:38,ESX-FUTURE,ASK,3080.0,872
18:50:38,SP-FUTURE,BID,3035.0,383
18:50:38,ESX-FUTURE,ASK,3080.0,382
18:50:39,ESX-FUTURE,ASK,3080.0,96
18:50:40,SP-FUTURE,ASK,3036.0,1402
18:50:40,ESX-FUTURE,BID,3081.0,96
18:50:40,SP-FUTURE,ASK,3036.0,53
18:50:41,SP-FUTURE,ASK,3036.0,463
18:50:42,ESX-FUTURE,ASK,3081.0,434
18:50:42,SP-FUTURE,ASK,3036.0,1237
18:50:43,ESX-FUTURE,ASK,3082.0,838
18:50:43,SP-FUTURE,ASK,3036.0,148
18:50:44,ESX-FUTURE,ASK,3082.0,650
18:50:44,SP-FUTURE,ASK,3036.0,113
18:50:45,SP-FUTURE,BID,3036.0,549
18:50:45,ESX-FUTURE,ASK,3082.0,195
18:50:46,SP-FUTURE,BID,3036.0,1627
18:50:46,ESX-FUTURE,ASK,3081.0,157
18:50:46,ESX-FUTURE,BID,3081.0,389
18:50:47,ESX-FUTURE,ASK,3081.0,1023
18:50:47,SP-FUTURE,BID,3037.0,79
18:50:48,ESX-FUTURE,ASK,3081.0,417
18:50:49,ESX-FUTURE,ASK,3081.0,232
18:50:49,SP-FUTURE,ASK,3037.0,777
18:50:50,ESX-FUTURE,BID,3081.0,757
18:50:50,SP-FUTURE,BID,3036.0,36
18:50:50,SP-FUTURE,BID,3036.0,505
18:50:51,SP-FUTURE,BID,3036.0,59
18:50:51,ESX-FUTURE,BID,3081.0,68
18:50:51,ESX-FUTURE,BID,3081.0,119
18:50:52,ESX-FUTURE,BID,3081.0,305
18:50:52,SP-FUTURE,BID,3036.0,266
18:50:53,ESX-FUTURE,BID,3081.0,41
18:50:54,SP-FUTURE,BID,3036.0,333
18:50:54,ESX-FUTURE,ASK,3081.0,2643
18:50:54,ESX-FUTURE,BID,3081.0,80
18:50:54,SP-FUTURE,ASK,3038.0,172
18:50:55,ESX-FUTURE,ASK,3081.0,1626
18:50:56,SP-FUTURE,BID,3039.0,505
18:50:56,ESX-FUTURE,BID,3081.0,287
18:50:58,ESX-FUTURE,ASK,3081.0,774
18:50:58,SP-FUTURE,ASK,3040.0,392
18:50:59,ESX-FUTURE,BID,3081.0,232
18:50:59,ESX-FUTURE,BID,3081.0,359
18:50:59,SP-FUTURE,ASK,3040.0,186
18:51:00,ESX-FUTURE,BID,3081.0,1287
18:51:01,SP-FUTURE,BID,3039.0,1111
18:51:01,SP-FUTURE,BID,3039.0,339
18:51:02,ESX-FUTURE,ASK,3080.0,210
18:51:02,SP-FUTURE,ASK,3039.0,507
18:51:03,ESX-FUTURE,ASK,3081.0,2488
18:51:03,SP-FUTURE,BID,3042.0,126
18:51:04,SP-FUTURE,ASK,3042.0,156
18:51:04,ESX-FUTURE,BID,3081.0,46
18:51:04,SP-FUTURE,ASK,3042.0,88
18:51:05,ESX-FUTURE,ASK,3081.0,897
18:51:05,ESX-FUTURE,ASK,3081.0,1882
18:51:06,SP-FUTURE,BID,3042.0,703
18:51:07,ESX-FUTURE,ASK,3081.0,112
18:51:07,SP-FUTURE,BID,3042.0,2326
18:51:08,SP-FUTURE,BID,3042.0,2787
18:51:08,ESX-FUTURE,BID,3076.0,427
18:51:09,SP-FUTURE,BID,3042.0,315
18:51:09,ESX-FUTURE,ASK,3076.0,286
18:51:10,ESX-FUTURE,ASK,3076.0,162
18:51:10,SP-FUTURE,ASK,3042.0,421
18:51:11,SP-FUTURE,BID,3042.0,138
18:51:12,SP-FUTURE,ASK,3042.0,365
18:51:12,ESX-FUTURE,ASK,3077.0,1175
18:51:12,SP-FUTURE,BID,3043.0,167
18:51:13,ESX-FUTURE,ASK,3077.0,734
18:51:13,SP-FUTURE,ASK,3043.0,884
18:51:15,SP-FUTURE,ASK,3043.0,482
18:51:15,ESX-FUTURE,ASK,3077.0,151
18:51:15,SP-FUTURE,ASK,3043.0,1429
18:51:16,ESX-FUTURE,ASK,3079.0,695
18:51:16,SP-FUTURE,BID,3043.0,1219
18:51:16,SP-FUTURE,ASK,3043.0,148
18:51:17,ESX-FUTURE,ASK,3078.0,11
18:51:17,SP-FUTURE,ASK,3043.0,12
18:51:17,ESX-FUTURE,BID,3077.0,65
18:51:18,SP-FUTURE,ASK,3043.0,1611
18:51:18,SP-FUTURE,ASK,3043.0,1627
18:51:18,ESX-FUTURE,BID,3081.0,973
18:51:19,SP-FUTURE,BID,3043.0,133
18:51:19,SP-FUTURE,BID,3043.0,1090
18:51:19,ESX-FUTURE,BID,3080.0,729
18:51:20,SP-FUTURE,ASK,3043.0,84
18:51:20,ESX-FUTURE,ASK,3080.0,178
18:51:21,ESX-FUTURE,ASK,3080.0,333
18:51:21,SP-FUTURE,BID,3043.0,424
18:51:21,SP-FUTURE,ASK,3043.0,111
18:51:22,ESX-FUTURE,BID,3080.0,441
18:51:22,SP-FUTURE,BID,3043.0,29
18:51:23,SP-FUTURE,BID,3043.0,206
18:51:23,ESX-FUTURE,BID,3080.0,922
18:51:24,ESX-FUTURE,BID,3080.0,435
18:51:24,ESX-FUTURE,ASK,3080.0,164
18:51:24,SP-FUTURE,ASK,3043.0,117
18:51:24,SP-FUTURE,BID,3043.0,52
18:51:25,SP-FUTURE,ASK,3043.0,668
18:51:25,SP-FUTURE,BID,3043.0,53
18:51:26,SP-FUTURE,ASK,3043.0,123
18:51:26,ESX-FUTURE,ASK,3080.0,77
18:51:26,SP-FUTURE,ASK,3043.0,435
18:51:27,SP-FUTURE,BID,3043.0,239
18:51:27,ESX-FUTURE,ASK,3080.0,140
18:51:28,ESX-FUTURE,BID,3080.0,202
18:51:28,SP-FUTURE,BID,3043.0,498
18:51:29,ESX-FUTURE,ASK,3080.0,1059
18:51:30,SP-FUTURE,ASK,3043.0,229
18:51:30,ESX-FUTURE,ASK,3080.0,101
18:51:31,SP-FUTURE,BID,3043.0,594
18:51:31,ESX-FUTURE,BID,3079.0,729
18:51:32,ESX-FUTURE,BID,3079.0,254
18:51:33,SP-FUTURE,ASK,3043.0,47
18:51:33,ESX-FUTURE,ASK,3080.0,124
18:51:34,ESX-FUTURE,BID,3079.0,119
18:51:34,SP-FUTURE,BID,3043.0,44
18:51:35,ESX-FUTURE,ASK,3080.0,15
18:51:36,ESX-FUTURE,BID,3079.0,213
18:51:36,SP-FUTURE,ASK,3043.0,18
18:51:37,ESX-FUTURE,ASK,3080.0,64
18:51:38,SP-FUTURE,BID,3043.0,55
18:51:38,ESX-FUTURE,ASK,3080.0,362
18:51:39,SP-FUTURE,ASK,3043.0,12
18:51:39,ESX-FUTURE,ASK,3080.0,297
18:51:40,SP-FUTURE,ASK,3044.0,8
18:51:40,ESX-FUTURE,BID,3079.0,1742
18:51:41,SP-FUTURE,ASK,3042.0,23
18:51:41,ESX-FUTURE,ASK,3080.0,251
18:51:42,ESX-FUTURE,BID,3079.0,1352
18:51:42,SP-FUTURE,ASK,3042.0,158
18:51:43,ESX-FUTURE,BID,3080.0,3
18:51:44,ESX-FUTURE,ASK,3080.0,1437
18:51:44,SP-FUTURE,ASK,3042.0,42
18:51:45,SP-FUTURE,ASK,3042.0,6
18:51:46,ESX-FUTURE,BID,3080.0,22
18:51:46,SP-FUTURE,BID,3042.0,421
18:51:47,SP-FUTURE,BID,3042.0,81
18:51:48,ESX-FUTURE,ASK,3080.0,22
18:51:48,ESX-FUTURE,ASK,3080.0,25
18:51:49,SP-FUTURE,BID,3042.0,624
18:51:49,SP-FUTURE,BID,3042.0,81
18:51:50,ESX-FUTURE,BID,3079.0,778
18:51:51,ESX-FUTURE,ASK,3080.0,113
18:51:51,SP-FUTURE,BID,3042.0,711
18:51:52,ESX-FUTURE,ASK,3080.0,6
18:51:52,SP-FUTURE,ASK,3042.0,142
18:51:53,SP-FUTURE,ASK,3042.0,13
18:51:54,ESX-FUTURE,ASK,3080.0,10
18:51:54,SP-FUTURE,BID,3042.0,802
18:51:55,SP-FUTURE,ASK,3042.0,4
18:51:55,ESX-FUTURE,ASK,3080.0,80
18:51:56,SP-FUTURE,ASK,3042.0,779
18:51:56,ESX-FUTURE,ASK,3080.0,99
18:51:56,SP-FUTURE,BID,3042.0,19
18:51:57,SP-FUTURE,BID,3042.0,24
18:51:57,SP-FUTURE,ASK,3042.0,680
18:51:57,ESX-FUTURE,ASK,3080.0,793
18:51:58,ESX-FUTURE,ASK,3080.0,1063
18:51:58,SP-FUTURE,BID,3042.0,213
18:51:59,SP-FUTURE,ASK,3042.0,478
18:51:59,SP-FUTURE,BID,3042.0,900
18:52:00,ESX-FUTURE,ASK,3080.0,541
18:52:00,SP-FUTURE,ASK,3043.0,666
18:52:01,SP-FUTURE,BID,3042.0,1367
18:52:01,ESX-FUTURE,ASK,3079.0,286
18:52:02,ESX-FUTURE,ASK,3079.0,142
18:52:03,SP-FUTURE,ASK,3043.0,459
18:52:03,ESX-FUTURE,ASK,3079.0,43
18:52:04,ESX-FUTURE,BID,3079.0,18
18:52:05,SP-FUTURE,BID,3043.0,145
18:52:06,SP-FUTURE,ASK,3043.0,175
18:52:06,ESX-FUTURE,ASK,3079.0,644
18:52:07,SP-FUTURE,BID,3043.0,217
18:52:07,ESX-FUTURE,ASK,3079.0,27
18:52:08,ESX-FUTURE,ASK,3079.0,194
18:52:08,SP-FUTURE,ASK,3043.0,122
18:52:08,SP-FUTURE,BID,3043.0,717
18:52:09,ESX-FUTURE,ASK,3079.0,565
18:52:09,SP-FUTURE,BID,3043.0,807
18:52:10,ESX-FUTURE,ASK,3078.0,511
18:52:10,SP-FUTURE,BID,3043.0,2187
18:52:11,ESX-FUTURE,BID,3075.0,771
18:52:12,SP-FUTURE,BID,3043.0,626
18:52:13,ESX-FUTURE,ASK,3075.0,341
18:52:14,SP-FUTURE,BID,3043.0,139
18:52:14,SP-FUTURE,ASK,3043.0,35
18:52:14,ESX-FUTURE,BID,3075.0,299
18:52:15,SP-FUTURE,BID,3043.0,87
18:52:15,ESX-FUTURE,ASK,3075.0,154
18:52:16,SP-FUTURE,ASK,3043.0,326
18:52:17,ESX-FUTURE,BID,3075.0,316
18:52:17,SP-FUTURE,ASK,3043.0,1703
18:52:18,ESX-FUTURE,BID,3075.0,20
18:52:18,SP-FUTURE,BID,3043.0,17
18:52:19,SP-FUTURE,BID,3043.0,159
18:52:19,ESX-FUTURE,BID,3075.0,316
18:52:19,ESX-FUTURE,ASK,3075.0,25
18:52:20,SP-FUTURE,ASK,3043.0,64
18:52:20,SP-FUTURE,BID,3043.0,1844
18:52:21,SP-FUTURE,ASK,3043.0,1
18:52:22,ESX-FUTURE,BID,3075.0,127
18:52:22,SP-FUTURE,BID,3043.0,1960
18:52:23,ESX-FUTURE,ASK,3074.0,296
18:52:23,SP-FUTURE,ASK,3043.0,463
18:52:24,ESX-FUTURE,BID,3074.0,1002
18:52:24,SP-FUTURE,ASK,3043.0,11
18:52:25,ESX-FUTURE,BID,3074.0,1708
18:52:25,SP-FUTURE,BID,3042.0,699
18:52:25,SP-FUTURE,BID,3042.0,823
18:52:26,SP-FUTURE,BID,3042.0,2780
18:52:26,ESX-FUTURE,ASK,3070.0,357
18:52:27,SP-FUTURE,ASK,3042.0,51
18:52:27,ESX-FUTURE,ASK,3070.0,8
18:52:28,ESX-FUTURE,ASK,3070.0,91
18:52:28,SP-FUTURE,ASK,3042.0,70
18:52:28,ESX-FUTURE,BID,3070.0,846
18:52:28,ESX-FUTURE,BID,3070.0,1020
18:52:29,SP-FUTURE,ASK,3042.0,830
18:52:30,ESX-FUTURE,BID,3070.0,2446
18:52:30,SP-FUTURE,BID,3039.0,49
18:52:30,ESX-FUTURE,BID,3070.0,488
18:52:32,SP-FUTURE,BID,3039.0,470
18:52:32,ESX-FUTURE,BID,3070.0,711
18:52:32,SP-FUTURE,BID,3039.0,8
18:52:33,ESX-FUTURE,BID,3070.0,1062
18:52:33,SP-FUTURE,BID,3039.0,279
18:52:33,ESX-FUTURE,ASK,3070.0,186
18:52:33,ESX-FUTURE,BID,3070.0,873
18:52:34,ESX-FUTURE,ASK,3070.0,584
18:52:34,SP-FUTURE,BID,3039.0,985
18:52:35,SP-FUTURE,ASK,3039.0,3
18:52:35,ESX-FUTURE,ASK,3070.0,107
18:52:36,SP-FUTURE,ASK,3039.0,447
18:52:36,ESX-FUTURE,BID,3070.0,677
18:52:36,SP-FUTURE,BID,3038.0,497
18:52:37,SP-FUTURE,ASK,3039.0,63
18:52:38,ESX-FUTURE,BID,3070.0,233
18:52:38,SP-FUTURE,BID,3038.0,689
18:52:39,SP-FUTURE,BID,3038.0,223
18:52:39,ESX-FUTURE,BID,3070.0,2929
18:52:39,SP-FUTURE,ASK,3035.0,403
18:52:40,SP-FUTURE,ASK,3035.0,137
18:52:41,ESX-FUTURE,BID,3070.0,307
18:52:41,SP-FUTURE,ASK,3035.0,330
18:52:41,SP-FUTURE,ASK,3035.0,1167
18:52:42,SP-FUTURE,ASK,3035.0,485
18:52:42,ESX-FUTURE,ASK,3071.0,287
18:52:42,ESX-FUTURE,ASK,3071.0,357
18:52:42,SP-FUTURE,BID,3034.0,397
18:52:42,ESX-FUTURE,BID,3071.0,473
18:52:43,SP-FUTURE,BID,3034.0,178
18:52:44,ESX-FUTURE,BID,3071.0,584
18:52:45,SP-FUTURE,BID,3034.0,324
18:52:46,ESX-FUTURE,ASK,3071.0,2
18:52:46,SP-FUTURE,BID,3034.0,101
18:52:46,ESX-FUTURE,BID,3071.0,1704
18:52:46,SP-FUTURE,BID,3034.0,1240
18:52:48,SP-FUTURE,ASK,3034.0,212
18:52:48,ESX-FUTURE,BID,3070.0,1617
18:52:48,SP-FUTURE,BID,3032.0,947
18:52:49,ESX-FUTURE,BID,3070.0,1230
18:52:49,SP-FUTURE,ASK,3031.0,14
18:52:50,ESX-FUTURE,BID,3070.0,1895
18:52:51,SP-FUTURE,ASK,3029.0,1340
18:52:52,ESX-FUTURE,ASK,3071.0,139
18:52:52,SP-FUTURE,BID,3029.0,198
18:52:53,SP-FUTURE,BID,3029.0,698
18:52:53,ESX-FUTURE,BID,3071.0,61
18:52:54,SP-FUTURE,BID,3029.0,931
18:52:54,ESX-FUTURE,BID,3070.0,93
18:52:55,SP-FUTURE,ASK,3029.0,381
18:52:56,SP-FUTURE,ASK,3029.0,766
18:52:56,ESX-FUTURE,ASK,3070.0,5
18:52:57,SP-FUTURE,BID,3029.0,159
18:52:58,ESX-FUTURE,ASK,3070.0,91
18:52:58,SP-FUTURE,BID,3029.0,329
18:52:59,SP-FUTURE,ASK,3029.0,847
18:52:59,ESX-FUTURE,ASK,3071.0,133
18:53:00,SP-FUTURE,ASK,3029.0,607
18:53:00,ESX-FUTURE,BID,3071.0,260
18:53:01,ESX-FUTURE,BID,3071.0,535
18:53:01,SP-FUTURE,ASK,3029.0,97
18:53:02,SP-FUTURE,BID,3029.0,237
18:53:02,ESX-FUTURE,BID,3071.0,594
18:53:03,ESX-FUTURE,BID,3071.0,240
18:53:03,SP-FUTURE,ASK,3029.0,338
18:53:04,SP-FUTURE,BID,3028.0,17
18:53:04,ESX-FUTURE,BID,3071.0,71
18:53:05,SP-FUTURE,ASK,3029.0,762
18:53:05,ESX-FUTURE,ASK,3071.0,1210
18:53:06,ESX-FUTURE,BID,3071.0,855
18:53:06,SP-FUTURE,ASK,3029.0,896
18:53:07,SP-FUTURE,ASK,3029.0,170
18:53:07,ESX-FUTURE,ASK,3071.0,49
18:53:09,SP-FUTURE,ASK,3029.0,1872
18:53:09,ESX-FUTURE,ASK,3072.0,206
18:53:10,SP-FUTURE,BID,3028.0,677
18:53:11,ESX-FUTURE,ASK,3072.0,1831
18:53:11,SP-FUTURE,BID,3030.0,255
18:53:13,ESX-FUTURE,ASK,3071.0,117
18:53:13,SP-FUTURE,ASK,3031.0,198
18:53:13,SP-FUTURE,ASK,3031.0,507
18:53:13,ESX-FUTURE,ASK,3072.0,1141
18:53:13,ESX-FUTURE,ASK,3072.0,1347
18:53:14,ESX-FUTURE,ASK,3072.0,903
18:53:15,SP-FUTURE,BID,3033.0,7
18:53:15,ESX-FUTURE,ASK,3072.0,525
18:53:15,ESX-FUTURE,BID,3071.0,238
18:53:15,SP-FUTURE,BID,3033.0,1
18:53:15,ESX-FUTURE,BID,3071.0,528
18:53:16,SP-FUTURE,ASK,3033.0,656
18:53:16,ESX-FUTURE,ASK,3072.0,1
18:53:17,SP-FUTURE,BID,3033.0,28
18:53:17,ESX-FUTURE,ASK,3072.0,60
18:53:18,SP-FUTURE,BID,3033.0,61
18:53:18,ESX-FUTURE,ASK,3072.0,80
18:53:19,SP-FUTURE,ASK,3033.0,319
18:53:20,ESX-FUTURE,BID,3072.0,147
18:53:20,SP-FUTURE,BID,3033.0,147
18:53:21,ESX-FUTURE,ASK,3072.0,18
18:53:21,SP-FUTURE,BID,3033.0,15
18:53:22,ESX-FUTURE,BID,3071.0,1632
18:53:22,ESX-FUTURE,ASK,3072.0,1
18:53:23,SP-FUTURE,ASK,3033.0,558
18:53:23,SP-FUTURE,BID,3033.0,1178
18:53:23,ESX-FUTURE,BID,3071.0,9
18:53:24,ESX-FUTURE,ASK,3071.0,973
18:53:24,SP-FUTURE,BID,3033.0,64
18:53:24,ESX-FUTURE,BID,3071.0,89
18:53:25,ESX-FUTURE,ASK,3071.0,1572
18:53:26,SP-FUTURE,BID,3033.0,466
18:53:27,ESX-FUTURE,ASK,3071.0,2264
18:53:27,SP-FUTURE,ASK,3036.0,174
18:53:28,ESX-FUTURE,BID,3071.0,301
18:53:29,ESX-FUTURE,BID,3071.0,471
18:53:29,ESX-FUTURE,BID,3071.0,54
18:53:29,SP-FUTURE,ASK,3036.0,116
18:53:30,SP-FUTURE,BID,3036.0,1526
18:53:31,ESX-FUTURE,BID,3070.0,394
18:53:31,SP-FUTURE,ASK,3036.0,512
18:53:32,ESX-FUTURE,ASK,3071.0,984
18:53:33,ESX-FUTURE,BID,3070.0,247
18:53:33,SP-FUTURE,BID,3036.0,1122
18:53:33,ESX-FUTURE,ASK,3070.0,1365
18:53:34,ESX-FUTURE,ASK,3070.0,1047
18:53:35,SP-FUTURE,ASK,3037.0,548
18:53:35,ESX-FUTURE,BID,3070.0,505
18:53:35,ESX-FUTURE,BID,3070.0,488
18:53:36,ESX-FUTURE,ASK,3070.0,104
18:53:36,ESX-FUTURE,BID,3070.0,744
18:53:36,SP-FUTURE,ASK,3036.0,560
18:53:37,ESX-FUTURE,ASK,3070.0,56
18:53:37,SP-FUTURE,BID,3036.0,38
18:53:38,ESX-FUTURE,BID,3070.0,715
18:53:38,ESX-FUTURE,ASK,3070.0,247
18:53:38,SP-FUTURE,BID,3036.0,43
18:53:39,SP-FUTURE,BID,3036.0,929
18:53:40,ESX-FUTURE,BID,3069.0,747
18:53:41,SP-FUTURE,ASK,3036.0,863
18:53:41,SP-FUTURE,ASK,3036.0,747
18:53:41,ESX-FUTURE,ASK,3070.0,514
18:53:42,ESX-FUTURE,ASK,3070.0,815
18:53:43,SP-FUTURE,BID,3036.0,496
18:53:43,ESX-FUTURE,ASK,3070.0,6
18:53:43,SP-FUTURE,ASK,3037.0,184
18:53:44,SP-FUTURE,BID,3036.0,434
18:53:44,ESX-FUTURE,ASK,3070.0,552
18:53:45,SP-FUTURE,BID,3037.0,136
18:53:45,ESX-FUTURE,ASK,3070.0,1456
18:53:46,SP-FUTURE,BID,3038.0,196
18:53:46,ESX-FUTURE,ASK,3070.0,1848
18:53:47,ESX-FUTURE,BID,3070.0,415
18:53:47,SP-FUTURE,BID,3040.0,58
18:53:48,SP-FUTURE,ASK,3040.0,1717
18:53:48,ESX-FUTURE,BID,3070.0,187
18:53:48,ESX-FUTURE,ASK,3070.0,165
18:53:49,ESX-FUTURE,BID,3070.0,458
18:53:49,SP-FUTURE,BID,3040.0,512
18:53:50,ESX-FUTURE,BID,3070.0,1550
18:53:51,SP-FUTURE,BID,3038.0,205
18:53:52,SP-FUTURE,BID,3038.0,73
18:53:52,ESX-FUTURE,ASK,3070.0,2081
18:53:53,SP-FUTURE,BID,3040.0,1150
18:53:53,ESX-FUTURE,ASK,3069.0,224
18:53:54,SP-FUTURE,ASK,3041.0,25
18:53:54,ESX-FUTURE,ASK,3069.0,74
18:53:55,SP-FUTURE,BID,3040.0,1137
18:53:55,ESX-FUTURE,BID,3069.0,326
18:53:56,ESX-FUTURE,BID,3069.0,390
18:53:56,SP-FUTURE,BID,3040.0,191
18:53:57,ESX-FUTURE,ASK,3069.0,445
18:53:57,SP-FUTURE,ASK,3041.0,55
18:53:57,SP-FUTURE,ASK,3041.0,361
18:53:57,SP-FUTURE,BID,3040.0,336
18:53:58,ESX-FUTURE,BID,3069.0,1919
18:53:58,SP-FUTURE,BID,3039.0,638
18:53:58,ESX-FUTURE,ASK,3069.0,9
18:53:59,ESX-FUTURE,ASK,3069.0,16
18:53:59,SP-FUTURE,ASK,3039.0,270
18:54:00,SP-FUTURE,BID,3039.0,193
18:54:00,SP-FUTURE,ASK,3039.0,562
18:54:00,ESX-FUTURE,BID,3069.0,407
18:54:01,SP-FUTURE,BID,3039.0,633
18:54:02,ESX-FUTURE,ASK,3069.0,104
18:54:03,ESX-FUTURE,ASK,3069.0,63
18:54:03,SP-FUTURE,BID,3039.0,335
18:54:04,SP-FUTURE,BID,3039.0,460
18:54:04,ESX-FUTURE,BID,3068.0,2094
18:54:05,ESX-FUTURE,ASK,3069.0,278
18:54:05,SP-FUTURE,BID,3036.0,592
18:54:06,ESX-FUTURE,BID,3068.0,213
18:54:06,SP-FUTURE,ASK,3036.0,273
18:54:07,ESX-FUTURE,BID,3068.0,4
18:54:07,SP-FUTURE,BID,3036.0,546
18:54:08,ESX-FUTURE,ASK,3068.0,394
18:54:09,SP-FUTURE,ASK,3036.0,401
18:54:09,ESX-FUTURE,BID,3068.0,1085
18:54:09,SP-FUTURE,BID,3036.0,186
18:54:11,ESX-FUTURE,ASK,3068.0,201
18:54:11,SP-FUTURE,ASK,3036.0,156
18:54:11,SP-FUTURE,BID,3036.0,1051
18:54:12,ESX-FUTURE,BID,3068.0,1373
18:54:12,SP-FUTURE,BID,3035.0,90
18:54:12,SP-FUTURE,BID,3035.0,16
18:54:12,ESX-FUTURE,BID,3068.0,226
18:54:13,SP-FUTURE,BID,3035.0,997
18:54:14,ESX-FUTURE,ASK,3068.0,304
18:54:14,SP-FUTURE,ASK,3035.0,725
18:54:14,SP-FUTURE,ASK,3035.0,1120
18:54:15,ESX-FUTURE,BID,3069.0,535
18:54:15,SP-FUTURE,BID,3035.0,472
18:54:15,SP-FUTURE,ASK,3035.0,246
18:54:16,SP-FUTURE,ASK,3035.0,330
18:54:16,ESX-FUTURE,BID,3069.0,362
18:54:16,ESX-FUTURE,BID,3069.0,5
18:54:17,SP-FUTURE,ASK,3035.0,419
18:54:17,ESX-FUTURE,BID,3069.0,161
18:54:18,SP-FUTURE,BID,3035.0,6
18:54:18,ESX-FUTURE,ASK,3070.0,835
18:54:19,SP-FUTURE,BID,3035.0,263
18:54:20,SP-FUTURE,BID,3035.0,1198
18:54:20,ESX-FUTURE,BID,3068.0,77
18:54:20,ESX-FUTURE,BID,3068.0,744
18:54:21,SP-FUTURE,BID,3035.0,27
18:54:22,ESX-FUTURE,BID,3068.0,668
18:54:22,SP-FUTURE,ASK,3035.0,801
18:54:22,SP-FUTURE,ASK,3035.0,159
18:54:22,SP-FUTURE,BID,3035.0,35
18:54:23,ESX-FUTURE,BID,3068.0,572
18:54:23,ESX-FUTURE,ASK,3069.0,7
18:54:23,SP-FUTURE,ASK,3035.0,78
18:54:24,SP-FUTURE,BID,3035.0,31
18:54:25,SP-FUTURE,ASK,3035.0,1071
18:54:25,ESX-FUTURE,ASK,3069.0,2677
18:54:25,SP-FUTURE,ASK,3038.0,347
18:54:26,ESX-FUTURE,BID,3069.0,148
18:54:26,SP-FUTURE,ASK,3038.0,314
18:54:26,SP-FUTURE,ASK,3038.0,237
18:54:26,SP-FUTURE,ASK,3038.0,311
18:54:26,ESX-FUTURE,ASK,3069.0,664
18:54:27,SP-FUTURE,BID,3038.0,852
18:54:28,ESX-FUTURE,ASK,3069.0,822
18:54:28,ESX-FUTURE,BID,3068.0,458
18:54:28,SP-FUTURE,ASK,3039.0,506
18:54:29,SP-FUTURE,ASK,3039.0,1389
18:54:30,ESX-FUTURE,BID,3069.0,338
18:54:30,SP-FUTURE,ASK,3039.0,985
18:54:32,ESX-FUTURE,ASK,3070.0,173
18:54:32,SP-FUTURE,BID,3038.0,639
18:54:32,SP-FUTURE,ASK,3039.0,189
18:54:32,ESX-FUTURE,ASK,3070.0,186
18:54:33,SP-FUTURE,BID,3039.0,49
18:54:34,SP-FUTURE,BID,3039.0,63
18:54:34,ESX-FUTURE,BID,3069.0,468
18:54:35,SP-FUTURE,ASK,3039.0,529
18:54:35,ESX-FUTURE,ASK,3070.0,100
18:54:36,SP-FUTURE,BID,3038.0,536
18:54:36,ESX-FUTURE,BID,3069.0,926
18:54:36,ESX-FUTURE,ASK,3070.0,330
18:54:38,ESX-FUTURE,ASK,3070.0,20
18:54:38,SP-FUTURE,ASK,3038.0,188
18:54:39,SP-FUTURE,BID,3038.0,403
18:54:39,ESX-FUTURE,ASK,3070.0,629
18:54:39,SP-FUTURE,ASK,3039.0,268
18:54:40,SP-FUTURE,BID,3039.0,103
18:54:41,SP-FUTURE,BID,3039.0,1451
18:54:41,ESX-FUTURE,BID,3068.0,952
18:54:42,SP-FUTURE,BID,3038.0,600
18:54:43,ESX-FUTURE,ASK,3068.0,151
18:54:43,SP-FUTURE,ASK,3039.0,20
18:54:43,SP-FUTURE,ASK,3039.0,466
18:54:43,ESX-FUTURE,ASK,3068.0,57
18:54:44,ESX-FUTURE,ASK,3068.0,136
18:54:44,SP-FUTURE,ASK,3039.0,15
18:54:44,ESX-FUTURE,BID,3068.0,2774
18:54:45,ESX-FUTURE,ASK,3068.0,86
18:54:45,SP-FUTURE,BID,3035.0,95
18:54:46,ESX-FUTURE,BID,3068.0,1192
18:54:46,ESX-FUTURE,ASK,3068.0,68
18:54:47,ESX-FUTURE,ASK,3068.0,267
18:54:47,SP-FUTURE,ASK,3035.0,1251
18:54:48,SP-FUTURE,BID,3035.0,270
18:54:48,ESX-FUTURE,BID,3068.0,984
18:54:49,SP-FUTURE,ASK,3034.0,23
18:54:49,SP-FUTURE,ASK,3034.0,13
18:54:50,ESX-FUTURE,BID,3068.0,229
18:54:50,SP-FUTURE,BID,3034.0,290
18:54:50,SP-FUTURE,ASK,3034.0,235
18:54:50,ESX-FUTURE,ASK,3069.0,640
18:54:51,ESX-FUTURE,ASK,3069.0,197
18:54:51,SP-FUTURE,ASK,3035.0,555
18:54:52,SP-FUTURE,ASK,3035.0,837
18:54:52,ESX-FUTURE,BID,3069.0,660
18:54:52,ESX-FUTURE,ASK,3069.0,428
18:54:53,SP-FUTURE,ASK,3034.0,897
18:54:53,ESX-FUTURE,BID,3069.0,15
18:54:54,ESX-FUTURE,ASK,3069.0,628
18:54:55,SP-FUTURE,ASK,3035.0,47
18:54:56,SP-FUTURE,BID,3034.0,754
18:54:56,ESX-FUTURE,ASK,3069.0,1071
18:54:57,SP-FUTURE,ASK,3035.0,1
18:54:57,ESX-FUTURE,ASK,3069.0,150
18:54:58,SP-FUTURE,ASK,3035.0,99
18:54:58,ESX-FUTURE,BID,3069.0,32
18:54:58,SP-FUTURE,BID,3035.0,91
18:54:59,ESX-FUTURE,BID,3069.0,446
18:54:59,SP-FUTURE,ASK,3035.0,280
18:55:00,ESX-FUTURE,ASK,3069.0,644
18:55:00,SP-FUTURE,BID,3035.0,191
18:55:01,SP-FUTURE,ASK,3035.0,390
18:55:01,ESX-FUTURE,BID,3069.0,832
18:55:02,SP-FUTURE,BID,3034.0,1
18:55:03,ESX-FUTURE,ASK,3069.0,1561
18:55:03,SP-FUTURE,BID,3035.0,74
18:55:04,SP-FUTURE,BID,3035.0,86
18:55:04,ESX-FUTURE,BID,3069.0,156
18:55:05,SP-FUTURE,ASK,3036.0,204
18:55:06,SP-FUTURE,ASK,3036.0,837
18:55:06,ESX-FUTURE,BID,3069.0,12
18:55:06,SP-FUTURE,BID,3035.0,418
18:55:06,SP-FUTURE,BID,3035.0,192
18:55:07,SP-FUTURE,BID,3035.0,291
18:55:07,ESX-FUTURE,ASK,3069.0,308
18:55:08,ESX-FUTURE,BID,3068.0,307
18:55:08,SP-FUTURE,BID,3035.0,1730
18:55:09,ESX-FUTURE,BID,3068.0,705
18:55:09,SP-FUTURE,ASK,3035.0,2
18:55:09,ESX-FUTURE,ASK,3068.0,1465
18:55:10,SP-FUTURE,ASK,3036.0,892
18:55:11,SP-FUTURE,BID,3036.0,993
18:55:11,ESX-FUTURE,BID,3068.0,235
18:55:12,SP-FUTURE,BID,3036.0,135
18:55:13,ESX-FUTURE,ASK,3068.0,559
18:55:13,SP-FUTURE,BID,3036.0,421
18:55:13,ESX-FUTURE,BID,3067.0,251
18:55:13,SP-FUTURE,ASK,3036.0,292
18:55:14,ESX-FUTURE,ASK,3068.0,1367
18:55:15,SP-FUTURE,ASK,3037.0,675
18:55:16,ESX-FUTURE,BID,3068.0,96
18:55:16,SP-FUTURE,ASK,3037.0,308
18:55:17,ESX-FUTURE,ASK,3068.0,172
18:55:18,SP-FUTURE,ASK,3037.0,542
18:55:18,ESX-FUTURE,BID,3068.0,249
18:55:18,SP-FUTURE,BID,3037.0,788
18:55:18,SP-FUTURE,BID,3037.0,778
18:55:18,SP-FUTURE,BID,3037.0,673
18:55:19,ESX-FUTURE,ASK,3067.0,31
18:55:20,SP-FUTURE,BID,3037.0,260
18:55:21,ESX-FUTURE,ASK,3067.0,95
18:55:21,SP-FUTURE,ASK,3037.0,1321
18:55:22,SP-FUTURE,ASK,3037.0,229
18:55:22,ESX-FUTURE,ASK,3068.0,213
18:55:23,SP-FUTURE,ASK,3037.0,822
18:55:24,ESX-FUTURE,ASK,3068.0,182
18:55:24,SP-FUTURE,ASK,3037.0,369
18:55:25,SP-FUTURE,BID,3037.0,1257
18:55:25,ESX-FUTURE,BID,3068.0,909
18:55:26,SP-FUTURE,BID,3036.0,1095
18:55:26,ESX-FUTURE,ASK,3067.0,194
18:55:26,ESX-FUTURE,ASK,3067.0,417
18:55:26,SP-FUTURE,ASK,3036.0,576
18:55:27,SP-FUTURE,ASK,3036.0,948
18:55:27,ESX-FUTURE,ASK,3069.0,1307
18:55:28,SP-FUTURE,ASK,3037.0,48
18:55:29,SP-FUTURE,BID,3037.0,655
18:55:29,ESX-FUTURE,BID,3068.0,2116
18:55:30,SP-FUTURE,BID,3036.0,772
18:55:30,SP-FUTURE,BID,3036.0,1405
18:55:31,ESX-FUTURE,BID,3067.0,371
18:55:32,ESX-FUTURE,BID,3067.0,873
18:55:32,SP-FUTURE,ASK,3035.0,655
18:55:32,ESX-FUTURE,BID,3068.0,1060
18:55:33,SP-FUTURE,BID,3035.0,252
18:55:34,ESX-FUTURE,ASK,3068.0,971
18:55:34,SP-FUTURE,ASK,3036.0,591
18:55:35,ESX-FUTURE,ASK,3068.0,207
18:55:35,ESX-FUTURE,BID,3068.0,4
18:55:35,SP-FUTURE,ASK,3036.0,990
18:55:36,ESX-FUTURE,BID,3068.0,355
18:55:36,ESX-FUTURE,BID,3068.0,1667
18:55:37,SP-FUTURE,BID,3033.0,346
18:55:37,SP-FUTURE,ASK,3034.0,286
18:55:38,ESX-FUTURE,ASK,3068.0,275
18:55:38,SP-FUTURE,ASK,3034.0,1905
18:55:38,ESX-FUTURE,BID,3068.0,93
18:55:40,SP-FUTURE,BID,3034.0,2
18:55:40,ESX-FUTURE,BID,3068.0,538
18:55:41,SP-FUTURE,ASK,3034.0,65
18:55:41,ESX-FUTURE,BID,3068.0,153
18:55:42,ESX-FUTURE,ASK,3068.0,13
18:55:42,ESX-FUTURE,BID,3068.0,661
18:55:42,SP-FUTURE,ASK,3034.0,301
18:55:43,SP-FUTURE,ASK,3034.0,231
18:55:43,ESX-FUTURE,ASK,3069.0,16
18:55:43,SP-FUTURE,BID,3033.0,919
18:55:44,ESX-FUTURE,BID,3068.0,324
18:55:45,SP-FUTURE,BID,3033.0,1
18:55:45,SP-FUTURE,BID,3033.0,277
18:55:45,ESX-FUTURE,BID,3068.0,36
18:55:46,SP-FUTURE,ASK,3034.0,118
18:55:47,ESX-FUTURE,BID,3068.0,288
18:55:47,SP-FUTURE,BID,3033.0,8
18:55:48,ESX-FUTURE,BID,3068.0,193
18:55:48,ESX-FUTURE,BID,3068.0,148
18:55:49,SP-FUTURE,BID,3033.0,548
18:55:49,ESX-FUTURE,BID,3068.0,271
18:55:50,SP-FUTURE,BID,3033.0,100
18:55:51,ESX-FUTURE,BID,3068.0,1820
18:55:51,ESX-FUTURE,ASK,3068.0,372
18:55:51,SP-FUTURE,BID,3031.0,354
18:55:52,ESX-FUTURE,ASK,3068.0,1603
18:55:53,ESX-FUTURE,BID,3068.0,1043
18:55:53,SP-FUTURE,BID,3032.0,267
18:55:53,ESX-FUTURE,BID,3068.0,5
18:55:55,ESX-FUTURE,ASK,3068.0,2014
18:55:55,SP-FUTURE,ASK,3032.0,1360
18:55:56,ESX-FUTURE,BID,3069.0,455
18:55:56,SP-FUTURE,BID,3032.0,717
18:55:57,ESX-FUTURE,ASK,3069.0,270
18:55:57,SP-FUTURE,BID,3032.0,6
18:55:58,SP-FUTURE,ASK,3032.0,2220
18:55:59,ESX-FUTURE,BID,3070.0,89
18:56:00,SP-FUTURE,BID,3032.0,665
18:56:00,ESX-FUTURE,BID,3070.0,530
18:56:01,SP-FUTURE,BID,3031.0,783
18:56:01,SP-FUTURE,BID,3031.0,550
18:56:02,ESX-FUTURE,ASK,3069.0,6
18:56:02,SP-FUTURE,ASK,3032.0,124
18:56:03,SP-FUTURE,ASK,3032.0,948
18:56:03,ESX-FUTURE,BID,3070.0,581
18:56:04,SP-FUTURE,ASK,3032.0,2012
18:56:04,ESX-FUTURE,BID,3072.0,863
18:56:05,SP-FUTURE,BID,3031.0,6
18:56:06,SP-FUTURE,BID,3031.0,220
18:56:07,ESX-FUTURE,ASK,3072.0,447
18:56:07,SP-FUTURE,ASK,3031.0,252
18:56:07,ESX-FUTURE,BID,3072.0,1382
18:56:08,SP-FUTURE,ASK,3030.0,854
18:56:09,ESX-FUTURE,ASK,3073.0,217
18:56:09,SP-FUTURE,ASK,3030.0,427
18:56:10,ESX-FUTURE,ASK,3073.0,45
18:56:11,SP-FUTURE,ASK,3030.0,300
18:56:11,ESX-FUTURE,BID,3073.0,356
18:56:12,SP-FUTURE,BID,3030.0,4
18:56:12,ESX-FUTURE,BID,3073.0,1
18:56:13,SP-FUTURE,BID,3030.0,12
18:56:14,ESX-FUTURE,ASK,3073.0,177
18:56:15,SP-FUTURE,BID,3030.0,31
18:56:15,ESX-FUTURE,ASK,3073.0,702
18:56:15,SP-FUTURE,ASK,3030.0,797
18:56:16,ESX-FUTURE,BID,3073.0,42
18:56:17,SP-FUTURE,BID,3030.0,1359
18:56:17,ESX-FUTURE,ASK,3072.0,6
18:56:18,SP-FUTURE,BID,3030.0,1079
18:56:18,ESX-FUTURE,BID,3071.0,350
18:56:19,ESX-FUTURE,ASK,3072.0,346
18:56:20,SP-FUTURE,ASK,3030.0,947
18:56:20,ESX-FUTURE,ASK,3072.0,119
18:56:21,SP-FUTURE,ASK,3030.0,1056
18:56:21,ESX-FUTURE,ASK,3072.0,902
18:56:21,ESX-FUTURE,ASK,3072.0,769
18:56:22,ESX-FUTURE,ASK,3072.0,424
18:56:22,SP-FUTURE,ASK,3031.0,300
18:56:23,ESX-FUTURE,BID,3071.0,668
18:56:24,SP-FUTURE,ASK,3031.0,687
18:56:25,ESX-FUTURE,ASK,3072.0,25
18:56:25,SP-FUTURE,BID,3031.0,261
18:56:26,ESX-FUTURE,BID,3071.0,1198
18:56:26,SP-FUTURE,ASK,3030.0,205
18:56:27,ESX-FUTURE,BID,3071.0,1182
18:56:27,SP-FUTURE,BID,3029.0,354
18:56:28,ESX-FUTURE,ASK,3071.0,79
18:56:28,SP-FUTURE,ASK,3029.0,1323
18:56:29,SP-FUTURE,ASK,3029.0,101
18:56:30,ESX-FUTURE,ASK,3072.0,699
18:56:31,SP-FUTURE,BID,3029.0,503
18:56:31,ESX-FUTURE,ASK,3072.0,298
18:56:32,SP-FUTURE,ASK,3029.0,277
18:56:32,ESX-FUTURE,BID,3072.0,1892
18:56:33,SP-FUTURE,ASK,3029.0,1023
18:56:33,SP-FUTURE,BID,3029.0,193
18:56:33,ESX-FUTURE,ASK,3072.0,181
18:56:35,SP-FUTURE,ASK,3029.0,1542
18:56:35,ESX-FUTURE,ASK,3074.0,90
18:56:35,ESX-FUTURE,ASK,3074.0,97
18:56:36,ESX-FUTURE,BID,3073.0,812
18:56:36,SP-FUTURE,BID,3029.0,393
18:56:38,ESX-FUTURE,BID,3073.0,118
18:56:38,SP-FUTURE,BID,3029.0,243
18:56:38,SP-FUTURE,ASK,3029.0,1269
18:56:39,ESX-FUTURE,BID,3074.0,322
18:56:39,SP-FUTURE,BID,3029.0,1622
18:56:40,SP-FUTURE,ASK,3029.0,49
18:56:41,ESX-FUTURE,ASK,3073.0,82
18:56:41,SP-FUTURE,BID,3029.0,62
18:56:42,SP-FUTURE,ASK,3029.0,53
18:56:42,ESX-FUTURE,ASK,3073.0,69
18:56:43,SP-FUTURE,ASK,3029.0,1753
18:56:44,SP-FUTURE,BID,3029.0,1
18:56:44,ESX-FUTURE,BID,3073.0,1639
18:56:45,ESX-FUTURE,BID,3073.0,1000
18:56:45,SP-FUTURE,BID,3029.0,125
18:56:45,ESX-FUTURE,ASK,3073.0,348
18:56:46,SP-FUTURE,BID,3029.0,323
18:56:47,ESX-FUTURE,ASK,3073.0,480
18:56:47,SP-FUTURE,ASK,3029.0,242
18:56:47,SP-FUTURE,BID,3029.0,237
18:56:48,SP-FUTURE,ASK,3029.0,281
18:56:48,ESX-FUTURE,ASK,3074.0,490
18:56:49,SP-FUTURE,ASK,3029.0,754
18:56:49,ESX-FUTURE,ASK,3074.0,997
18:56:50,SP-FUTURE,ASK,3030.0,1083
18:56:51,ESX-FUTURE,BID,3075.0,540
18:56:51,SP-FUTURE,BID,3029.0,971
18:56:51,ESX-FUTURE,BID,3074.0,251
18:56:52,SP-FUTURE,ASK,3029.0,142
18:56:52,ESX-FUTURE,ASK,3075.0,261
18:56:53,ESX-FUTURE,ASK,3075.0,1100
18:56:54,ESX-FUTURE,BID,3074.0,572
18:56:54,SP-FUTURE,BID,3029.0,50
18:56:55,ESX-FUTURE,ASK,3075.0,981
18:56:55,SP-FUTURE,ASK,3030.0,1468
18:56:56,ESX-FUTURE,BID,3076.0,282
18:56:56,SP-FUTURE,ASK,3030.0,1086
18:56:57,ESX-FUTURE,ASK,3077.0,1184
18:56:58,SP-FUTURE,BID,3030.0,92
18:56:59,ESX-FUTURE,ASK,3077.0,1310
18:56:59,SP-FUTURE,BID,3030.0,29
18:57:00,ESX-FUTURE,BID,3076.0,170
18:57:00,ESX-FUTURE,ASK,3077.0,1365
18:57:01,ESX-FUTURE,ASK,3077.0,551
18:57:01,SP-FUTURE,BID,3031.0,1088
18:57:02,SP-FUTURE,BID,3031.0,450
18:57:02,SP-FUTURE,ASK,3031.0,88
18:57:02,ESX-FUTURE,BID,3076.0,174
18:57:03,ESX-FUTURE,BID,3076.0,119
18:57:03,SP-FUTURE,BID,3031.0,355
18:57:04,SP-FUTURE,BID,3031.0,76
18:57:04,ESX-FUTURE,ASK,3076.0,998
18:57:04,SP-FUTURE,ASK,3031.0,11
18:57:05,SP-FUTURE,ASK,3031.0,7
18:57:05,ESX-FUTURE,BID,3075.0,134
18:57:06,ESX-FUTURE,ASK,3076.0,216
18:57:06,SP-FUTURE,BID,3031.0,15
18:57:06,SP-FUTURE,BID,3031.0,18
18:57:07,SP-FUTURE,ASK,3032.0,1504
18:57:07,ESX-FUTURE,BID,3075.0,1251
18:57:08,SP-FUTURE,ASK,3030.0,320
18:57:09,ESX-FUTURE,ASK,3076.0,87
18:57:09,ESX-FUTURE,ASK,3076.0,17
18:57:10,ESX-FUTURE,BID,3075.0,228
18:57:10,SP-FUTURE,BID,3030.0,560
18:57:10,SP-FUTURE,BID,3030.0,1598
18:57:10,ESX-FUTURE,ASK,3074.0,208
18:57:11,SP-FUTURE,ASK,3030.0,8
18:57:12,ESX-FUTURE,BID,3074.0,685
18:57:13,ESX-FUTURE,BID,3074.0,607
18:57:13,SP-FUTURE,BID,3030.0,1495
18:57:13,ESX-FUTURE,ASK,3074.0,939
18:57:14,SP-FUTURE,BID,3030.0,151
18:57:14,ESX-FUTURE,ASK,3074.0,267
18:57:15,ESX-FUTURE,ASK,3074.0,844
18:57:15,SP-FUTURE,BID,3030.0,19
18:57:16,ESX-FUTURE,ASK,3074.0,786
18:57:17,ESX-FUTURE,ASK,3074.0,2282
18:57:17,ESX-FUTURE,BID,3074.0,18
18:57:17,SP-FUTURE,BID,3033.0,165
18:57:17,SP-FUTURE,ASK,3033.0,1573
18:57:18,ESX-FUTURE,ASK,3074.0,198
18:57:18,SP-FUTURE,BID,3033.0,796
18:57:19,ESX-FUTURE,BID,3073.0,639
18:57:20,SP-FUTURE,ASK,3033.0,27
18:57:20,SP-FUTURE,BID,3033.0,169
18:57:21,ESX-FUTURE,ASK,3074.0,326
18:57:22,ESX-FUTURE,ASK,3074.0,166
18:57:23,SP-FUTURE,BID,3033.0,18
18:57:23,ESX-FUTURE,ASK,3074.0,321
18:57:25,ESX-FUTURE,ASK,3074.0,169
18:57:25,SP-FUTURE,ASK,3033.0,229
18:57:25,SP-FUTURE,BID,3033.0,915
18:57:25,SP-FUTURE,BID,3033.0,522
18:57:25,ESX-FUTURE,ASK,3073.0,742
18:57:26,ESX-FUTURE,BID,3073.0,267
18:57:26,SP-FUTURE,BID,3033.0,707
18:57:26,ESX-FUTURE,ASK,3073.0,889
18:57:27,SP-FUTURE,BID,3033.0,1306
18:57:27,ESX-FUTURE,ASK,3073.0,56
18:57:28,SP-FUTURE,ASK,3034.0,176
18:57:29,SP-FUTURE,ASK,3034.0,15
18:57:29,ESX-FUTURE,ASK,3073.0,226
18:57:30,ESX-FUTURE,BID,3073.0,128
18:57:30,SP-FUTURE,BID,3033.0,998
18:57:32,SP-FUTURE,ASK,3034.0,42
18:57:32,ESX-FUTURE,ASK,3073.0,541
18:57:32,ESX-FUTURE,BID,3073.0,1001
18:57:33,ESX-FUTURE,BID,3073.0,249
18:57:33,ESX-FUTURE,BID,3073.0,911
18:57:33,SP-FUTURE,ASK,3033.0,288
18:57:34,SP-FUTURE,BID,3033.0,440
18:57:35,SP-FUTURE,BID,3033.0,1159
18:57:35,ESX-FUTURE,ASK,3073.0,540
18:57:35,SP-FUTURE,BID,3033.0,12
18:57:36,SP-FUTURE,BID,3033.0,1
18:57:37,ESX-FUTURE,BID,3072.0,2246
18:57:37,SP-FUTURE,ASK,3030.0,361
18:57:37,SP-FUTURE,BID,3030.0,76
18:57:37,SP-FUTURE,ASK,3030.0,134
18:57:38,ESX-FUTURE,BID,3073.0,227
18:57:39,SP-FUTURE,ASK,3030.0,335
18:57:39,ESX-FUTURE,BID,3073.0,1188
18:57:40,SP-FUTURE,ASK,3030.0,58
18:57:40,ESX-FUTURE,ASK,3073.0,67
18:57:40,SP-FUTURE,BID,3030.0,2516
18:57:41,SP-FUTURE,BID,3030.0,947
18:57:41,ESX-FUTURE,BID,3073.0,791
18:57:42,SP-FUTURE,BID,3030.0,1079
18:57:43,ESX-FUTURE,ASK,3072.0,1432
18:57:43,SP-FUTURE,BID,3030.0,77
18:57:44,ESX-FUTURE,BID,3072.0,186
18:57:44,SP-FUTURE,ASK,3030.0,236
18:57:45,SP-FUTURE,ASK,3030.0,1633
18:57:46,ESX-FUTURE,BID,3074.0,685
18:57:46,SP-FUTURE,BID,3030.0,1853
18:57:46,ESX-FUTURE,BID,3073.0,56
18:57:47,SP-FUTURE,ASK,3030.0,161
18:57:47,SP-FUTURE,ASK,3030.0,397
18:57:48,ESX-FUTURE,ASK,3073.0,310
18:57:48,SP-FUTURE,ASK,3030.0,207
18:57:49,ESX-FUTURE,ASK,3073.0,316
18:57:49,ESX-FUTURE,ASK,3073.0,1409
18:57:49,ESX-FUTURE,BID,3073.0,78
18:57:49,SP-FUTURE,ASK,3031.0,527
18:57:50,ESX-FUTURE,BID,3073.0,134
18:57:50,SP-FUTURE,BID,3031.0,298
18:57:51,ESX-FUTURE,ASK,3073.0,927
18:57:51,SP-FUTURE,BID,3031.0,2193
18:57:52,ESX-FUTURE,ASK,3070.0,1931
18:57:52,SP-FUTURE,BID,3033.0,458
18:57:53,ESX-FUTURE,ASK,3070.0,151
18:57:53,ESX-FUTURE,BID,3070.0,2326
18:57:53,ESX-FUTURE,ASK,3070.0,286
18:57:54,ESX-FUTURE,BID,3070.0,198
18:57:54,SP-FUTURE,ASK,3030.0,1804
18:57:55,SP-FUTURE,ASK,3030.0,236
18:57:56,ESX-FUTURE,ASK,3072.0,712
18:57:57,SP-FUTURE,BID,3030.0,1159
18:57:57,ESX-FUTURE,BID,3071.0,1661
18:57:58,SP-FUTURE,ASK,3030.0,1148
18:57:58,ESX-FUTURE,ASK,3072.0,303
18:57:59,SP-FUTURE,ASK,3030.0,286
18:57:59,ESX-FUTURE,BID,3072.0,1012
18:57:59,ESX-FUTURE,BID,3072.0,38
18:58:00,SP-FUTURE,ASK,3030.0,117
18:58:01,ESX-FUTURE,BID,3072.0,762
18:58:01,ESX-FUTURE,ASK,3072.0,97
18:58:01,SP-FUTURE,BID,3030.0,125
18:58:01,SP-FUTURE,ASK,3030.0,350
18:58:02,ESX-FUTURE,ASK,3072.0,520
18:58:03,SP-FUTURE,ASK,3030.0,337
18:58:03,ESX-FUTURE,BID,3072.0,3
18:58:04,ESX-FUTURE,ASK,3073.0,1528
18:58:04,SP-FUTURE,BID,3030.0,100
18:58:05,ESX-FUTURE,ASK,3072.0,96
18:58:05,SP-FUTURE,ASK,3030.0,1520
18:58:05,ESX-FUTURE,ASK,3074.0,104
18:58:06,ESX-FUTURE,BID,3074.0,247
18:58:07,SP-FUTURE,BID,3030.0,84
18:58:07,SP-FUTURE,BID,3030.0,280
18:58:07,ESX-FUTURE,BID,3074.0,683
18:58:08,SP-FUTURE,BID,3030.0,117
18:58:08,ESX-FUTURE,ASK,3074.0,1557
18:58:08,SP-FUTURE,BID,3031.0,682
18:58:08,SP-FUTURE,BID,3031.0,651
18:58:09,ESX-FUTURE,BID,3073.0,495
18:58:10,SP-FUTURE,ASK,3031.0,178
18:58:10,ESX-FUTURE,ASK,3074.0,997
18:58:10,SP-FUTURE,ASK,3031.0,235
18:58:12,ESX-FUTURE,ASK,3074.0,1052
18:58:12,ESX-FUTURE,ASK,3074.0,1401
18:58:12,SP-FUTURE,ASK,3033.0,201
18:58:13,SP-FUTURE,BID,3033.0,76
18:58:13,ESX-FUTURE,BID,3073.0,36
18:58:14,ESX-FUTURE,BID,3073.0,617
18:58:14,SP-FUTURE,BID,3033.0,1328
18:58:14,ESX-FUTURE,BID,3073.0,2674
18:58:15,ESX-FUTURE,ASK,3073.0,80
18:58:16,SP-FUTURE,ASK,3030.0,198
18:58:16,ESX-FUTURE,ASK,3073.0,618
18:58:17,ESX-FUTURE,BID,3073.0,135
18:58:17,SP-FUTURE,ASK,3031.0,588
18:58:18,ESX-FUTURE,BID,3073.0,83
18:58:19,SP-FUTURE,ASK,3031.0,185
18:58:19,ESX-FUTURE,BID,3073.0,1510
18:58:19,SP-FUTURE,BID,3029.0,35
18:58:20,ESX-FUTURE,ASK,3073.0,850
18:58:21,SP-FUTURE,ASK,3030.0,656
18:58:21,ESX-FUTURE,ASK,3074.0,386
18:58:22,SP-FUTURE,BID,3030.0,45
18:58:22,ESX-FUTURE,BID,3073.0,2086
18:58:23,SP-FUTURE,BID,3028.0,139
18:58:23,ESX-FUTURE,BID,3073.0,667
18:58:24,SP-FUTURE,ASK,3028.0,1938
18:58:24,ESX-FUTURE,BID,3075.0,349
18:58:25,SP-FUTURE,BID,3028.0,82
18:58:26,SP-FUTURE,BID,3028.0,164
18:58:26,ESX-FUTURE,BID,3075.0,437
18:58:27,SP-FUTURE,ASK,3028.0,586
18:58:27,SP-FUTURE,BID,3028.0,423
18:58:27,SP-FUTURE,ASK,3028.0,149
18:58:27,ESX-FUTURE,ASK,3076.0,472
18:58:28,ESX-FUTURE,BID,3075.0,319
18:58:28,SP-FUTURE,ASK,3028.0,197
18:58:29,ESX-FUTURE,BID,3075.0,2123
18:58:30,SP-FUTURE,BID,3027.0,532
18:58:30,ESX-FUTURE,ASK,3075.0,496
18:58:31,ESX-FUTURE,BID,3075.0,1040
18:58:31,SP-FUTURE,BID,3027.0,362
18:58:32,SP-FUTURE,BID,3027.0,1626
18:58:32,ESX-FUTURE,ASK,3074.0,110
18:58:33,SP-FUTURE,ASK,3027.0,179
18:58:33,ESX-FUTURE,BID,3073.0,573
18:58:34,SP-FUTURE,ASK,3027.0,262
18:58:35,ESX-FUTURE,ASK,3074.0,158
18:58:35,SP-FUTURE,ASK,3027.0,30
18:58:35,ESX-FUTURE,BID,3073.0,8
18:58:36,ESX-FUTURE,BID,3073.0,423
18:58:36,ESX-FUTURE,ASK,3074.0,119
18:58:36,ESX-FUTURE,BID,3073.0,1470
18:58:37,ESX-FUTURE,ASK,3074.0,160
18:58:37,SP-FUTURE,ASK,3027.0,1423
18:58:37,SP-FUTURE,ASK,3027.0,1172
18:58:37,ESX-FUTURE,BID,3074.0,1133
18:58:38,SP-FUTURE,ASK,3026.0,12
18:58:38,ESX-FUTURE,BID,3074.0,457
18:58:39,SP-FUTURE,BID,3026.0,110
18:58:40,ESX-FUTURE,BID,3074.0,1186
18:58:41,ESX-FUTURE,ASK,3074.0,230
18:58:41,SP-FUTURE,ASK,3025.0,13
18:58:42,ESX-FUTURE,BID,3074.0,161
18:58:42,SP-FUTURE,ASK,3025.0,214
18:58:42,ESX-FUTURE,ASK,3074.0,569
18:58:43,SP-FUTURE,ASK,3025.0,1774
18:58:44,ESX-FUTURE,BID,3074.0,472
18:58:45,SP-FUTURE,BID,3025.0,746
18:58:45,SP-FUTURE,ASK,3025.0,86
18:58:45,ESX-FUTURE,BID,3074.0,23
18:58:46,SP-FUTURE,ASK,3025.0,198
18:58:46,ESX-FUTURE,ASK,3075.0,470
18:58:46,SP-FUTURE,ASK,3025.0,537
18:58:46,ESX-FUTURE,ASK,3075.0,675
18:58:47,SP-FUTURE,ASK,3025.0,33
18:58:48,ESX-FUTURE,BID,3075.0,714
18:58:48,ESX-FUTURE,BID,3075.0,145
18:58:48,SP-FUTURE,BID,3025.0,229
18:58:49,SP-FUTURE,ASK,3025.0,388
18:58:49,SP-FUTURE,ASK,3025.0,340
18:58:50,ESX-FUTURE,BID,3075.0,140
18:58:50,SP-FUTURE,ASK,3025.0,674
18:58:50,ESX-FUTURE,ASK,3075.0,667
18:58:50,ESX-FUTURE,BID,3075.0,346
18:58:50,ESX-FUTURE,ASK,3075.0,1345
18:58:51,ESX-FUTURE,ASK,3075.0,736
18:58:51,SP-FUTURE,ASK,3027.0,1
18:58:52,ESX-FUTURE,BID,3075.0,527
18:58:52,SP-FUTURE,ASK,3027.0,953
18:58:52,ESX-FUTURE,BID,3075.0,1798
18:58:53,ESX-FUTURE,BID,3075.0,844
18:58:54,ESX-FUTURE,BID,3075.0,550
18:58:54,SP-FUTURE,ASK,3026.0,286
18:58:55,SP-FUTURE,BID,3025.0,180
18:58:55,ESX-FUTURE,BID,3076.0,312
18:58:55,ESX-FUTURE,ASK,3076.0,156
18:58:56,ESX-FUTURE,BID,3076.0,273
18:58:56,SP-FUTURE,ASK,3025.0,73
18:58:56,ESX-FUTURE,BID,3076.0,268
18:58:57,SP-FUTURE,ASK,3025.0,203
18:58:57,ESX-FUTURE,BID,3076.0,17
18:58:58,SP-FUTURE,ASK,3025.0,178
18:58:59,ESX-FUTURE,BID,3076.0,810
18:58:59,SP-FUTURE,ASK,3025.0,677
18:59:00,ESX-FUTURE,BID,3076.0,140
18:59:00,SP-FUTURE,BID,3025.0,20
18:59:01,SP-FUTURE,ASK,3025.0,796
18:59:01,ESX-FUTURE,BID,3076.0,1371
18:59:02,ESX-FUTURE,BID,3076.0,617
18:59:02,ESX-FUTURE,ASK,3076.0,134
18:59:03,ESX-FUTURE,BID,3076.0,904
18:59:03,SP-FUTURE,ASK,3024.0,54
18:59:04,SP-FUTURE,BID,3024.0,325
18:59:04,ESX-FUTURE,ASK,3076.0,61
18:59:06,SP-FUTURE,ASK,3024.0,219
18:59:06,ESX-FUTURE,ASK,3076.0,2707
18:59:07,SP-FUTURE,ASK,3028.0,22
18:59:08,ESX-FUTURE,BID,3076.0,85
18:59:08,SP-FUTURE,BID,3028.0,696
18:59:08,SP-FUTURE,ASK,3028.0,9
18:59:09,ESX-FUTURE,BID,3076.0,481
18:59:09,ESX-FUTURE,BID,3076.0,366
18:59:10,ESX-FUTURE,BID,3076.0,1113
18:59:10,ESX-FUTURE,ASK,3076.0,651
18:59:10,SP-FUTURE,BID,3027.0,143
18:59:11,ESX-FUTURE,ASK,3076.0,1832
18:59:11,ESX-FUTURE,ASK,3076.0,1631
18:59:12,SP-FUTURE,BID,3031.0,87
18:59:12,ESX-FUTURE,BID,3076.0,378
18:59:13,SP-FUTURE,ASK,3031.0,38
18:59:13,ESX-FUTURE,ASK,3076.0,396
18:59:14,SP-FUTURE,BID,3031.0,152
18:59:14,ESX-FUTURE,BID,3076.0,263
18:59:14,ESX-FUTURE,ASK,3076.0,842
18:59:15,SP-FUTURE,ASK,3031.0,338
18:59:15,ESX-FUTURE,ASK,3076.0,534
18:59:16,ESX-FUTURE,ASK,3076.0,25
18:59:16,SP-FUTURE,BID,3031.0,1680
18:59:17,ESX-FUTURE,BID,3075.0,778
18:59:18,ESX-FUTURE,BID,3075.0,21
18:59:18,SP-FUTURE,ASK,3031.0,118
18:59:19,SP-FUTURE,BID,3030.0,315
18:59:19,ESX-FUTURE,ASK,3075.0,456
18:59:20,SP-FUTURE,ASK,3031.0,1211
18:59:20,ESX-FUTURE,ASK,3076.0,290
18:59:21,SP-FUTURE,ASK,3031.0,126
18:59:21,ESX-FUTURE,ASK,3076.0,433
18:59:22,SP-FUTURE,BID,3031.0,934
18:59:22,SP-FUTURE,ASK,3031.0,1113
18:59:23,ESX-FUTURE,ASK,3077.0,42
18:59:23,SP-FUTURE,ASK,3031.0,291
18:59:24,ESX-FUTURE,BID,3077.0,779
18:59:24,ESX-FUTURE,ASK,3077.0,205
18:59:25,SP-FUTURE,ASK,3031.0,775
18:59:26,SP-FUTURE,BID,3030.0,1361
18:59:26,ESX-FUTURE,ASK,3077.0,211
18:59:27,SP-FUTURE,BID,3030.0,794
18:59:27,ESX-FUTURE,ASK,3077.0,327
18:59:28,SP-FUTURE,BID,3031.0,1474
18:59:28,ESX-FUTURE,BID,3075.0,54
18:59:29,SP-FUTURE,ASK,3031.0,648
18:59:30,SP-FUTURE,BID,3031.0,887
18:59:30,ESX-FUTURE,ASK,3075.0,33
18:59:31,ESX-FUTURE,BID,3075.0,99
18:59:31,SP-FUTURE,ASK,3031.0,1567
18:59:32,ESX-FUTURE,ASK,3077.0,876
18:59:32,SP-FUTURE,BID,3031.0,2181
18:59:32,ESX-FUTURE,ASK,3076.0,1874
18:59:34,ESX-FUTURE,ASK,3076.0,1430
18:59:34,SP-FUTURE,BID,3034.0,121
18:59:34,ESX-FUTURE,ASK,3076.0,1452
18:59:35,SP-FUTURE,ASK,3034.0,629
18:59:36,SP-FUTURE,ASK,3034.0,879
18:59:36,ESX-FUTURE,ASK,3076.0,1280
18:59:36,SP-FUTURE,BID,3035.0,94
18:59:37,SP-FUTURE,BID,3035.0,72
18:59:38,ESX-FUTURE,ASK,3076.0,1740
18:59:38,SP-FUTURE,ASK,3037.0,21
18:59:39,ESX-FUTURE,ASK,3076.0,720
18:59:39,SP-FUTURE,BID,3038.0,7
18:59:39,ESX-FUTURE,ASK,3076.0,877
18:59:40,ESX-FUTURE,ASK,3076.0,448
18:59:40,ESX-FUTURE,ASK,3076.0,95
18:59:40,SP-FUTURE,BID,3038.0,100
18:59:41,ESX-FUTURE,ASK,3076.0,1122
18:59:41,SP-FUTURE,ASK,3039.0,689
