Timestamp,Traded Instrument,Traded Side,Traded Price,Traded Volume
23:11:29,SP-FUTURE,BID,3093.0,755
23:11:30,SP-FUTURE,ASK,3094.0,725
23:11:30,ESX-FUTURE,ASK,3092.0,2043
23:11:31,ESX-FUTURE,ASK,3092.0,720
23:11:31,SP-FUTURE,BID,3094.0,768
23:11:32,ESX-FUTURE,BID,3091.0,315
23:11:33,ESX-FUTURE,ASK,3091.0,88
23:11:33,SP-FUTURE,ASK,3094.0,25
23:11:33,ESX-FUTURE,ASK,3091.0,170
23:11:34,SP-FUTURE,ASK,3094.0,260
23:11:34,ESX-FUTURE,ASK,3092.0,352
23:11:35,SP-FUTURE,ASK,3094.0,23
23:11:35,ESX-FUTURE,ASK,3092.0,570
23:11:35,SP-FUTURE,BID,3094.0,169
23:11:36,SP-FUTURE,BID,3094.0,696
23:11:36,SP-FUTURE,ASK,3095.0,348
23:11:36,ESX-FUTURE,ASK,3091.0,22
23:11:38,SP-FUTURE,BID,3094.0,678
23:11:38,ESX-FUTURE,ASK,3091.0,1616
23:11:39,ESX-FUTURE,BID,3091.0,259
23:11:39,ESX-FUTURE,BID,3091.0,147
23:11:39,SP-FUTURE,BID,3096.0,1444
23:11:40,SP-FUTURE,BID,3096.0,1184
23:11:40,ESX-FUTURE,BID,3089.0,678
23:11:41,SP-FUTURE,BID,3095.0,43
23:11:41,ESX-FUTURE,ASK,3089.0,407
23:11:42,SP-FUTURE,BID,3095.0,724
23:11:42,ESX-FUTURE,BID,3089.0,18
23:11:42,ESX-FUTURE,BID,3089.0,1137
23:11:43,SP-FUTURE,ASK,3095.0,802
23:11:43,SP-FUTURE,BID,3094.0,71
23:11:44,ESX-FUTURE,BID,3089.0,312
23:11:45,SP-FUTURE,ASK,3094.0,262
23:11:45,ESX-FUTURE,ASK,3089.0,566
23:11:45,SP-FUTURE,BID,3094.0,724
23:11:46,SP-FUTURE,BID,3094.0,232
23:11:46,ESX-FUTURE,ASK,3089.0,8
23:11:46,SP-FUTURE,BID,3094.0,104
23:11:48,SP-FUTURE,BID,3094.0,29
23:11:48,ESX-FUTURE,BID,3089.0,520
23:11:49,SP-FUTURE,ASK,3095.0,94
23:11:49,ESX-FUTURE,BID,3089.0,13
23:11:49,ESX-FUTURE,ASK,3089.0,2155
23:11:49,SP-FUTURE,ASK,3095.0,49
23:11:49,ESX-FUTURE,BID,3089.0,205
23:11:50,ESX-FUTURE,BID,3089.0,45
23:11:50,SP-FUTURE,ASK,3095.0,129
23:11:52,ESX-FUTURE,ASK,3089.0,773
23:11:52,SP-FUTURE,BID,3095.0,853
23:11:53,ESX-FUTURE,BID,3089.0,15
23:11:53,SP-FUTURE,ASK,3095.0,38
23:11:53,ESX-FUTURE,BID,3089.0,136
23:11:53,ESX-FUTURE,ASK,3089.0,518
23:11:54,ESX-FUTURE,BID,3089.0,189
23:11:54,SP-FUTURE,BID,3095.0,935
23:11:54,SP-FUTURE,BID,3095.0,334
23:11:54,ESX-FUTURE,ASK,3088.0,44
23:11:54,SP-FUTURE,BID,3095.0,828
23:11:54,ESX-FUTURE,BID,3088.0,701
23:11:55,SP-FUTURE,ASK,3095.0,598
23:11:55,SP-FUTURE,BID,3095.0,442
23:11:55,ESX-FUTURE,BID,3088.0,442
23:11:56,ESX-FUTURE,ASK,3088.0,34
23:11:57,SP-FUTURE,BID,3095.0,1577
23:11:57,SP-FUTURE,BID,3095.0,999
23:11:58,SP-FUTURE,ASK,3095.0,217
23:11:58,ESX-FUTURE,ASK,3087.0,264
23:11:59,SP-FUTURE,BID,3095.0,2092
23:11:59,SP-FUTURE,ASK,3095.0,26
23:11:59,SP-FUTURE,BID,3095.0,336
23:12:00,SP-FUTURE,BID,3095.0,1623
23:12:00,ESX-FUTURE,BID,3086.0,669
23:12:01,SP-FUTURE,ASK,3095.0,185
23:12:01,SP-FUTURE,ASK,3095.0,326
23:12:01,ESX-FUTURE,BID,3087.0,295
23:12:02,ESX-FUTURE,ASK,3087.0,1006
23:12:03,ESX-FUTURE,ASK,3087.0,614
23:12:03,SP-FUTURE,ASK,3095.0,538
23:12:03,ESX-FUTURE,ASK,3087.0,137
23:12:03,SP-FUTURE,BID,3095.0,1416
23:12:05,SP-FUTURE,ASK,3095.0,36
23:12:06,ESX-FUTURE,BID,3087.0,34
23:12:06,ESX-FUTURE,ASK,3087.0,659
23:12:07,ESX-FUTURE,BID,3087.0,53
23:12:07,SP-FUTURE,BID,3095.0,127
23:12:08,ESX-FUTURE,BID,3087.0,41
23:12:08,SP-FUTURE,ASK,3095.0,264
23:12:09,ESX-FUTURE,ASK,3087.0,1235
23:12:09,SP-FUTURE,BID,3096.0,146
23:12:10,SP-FUTURE,BID,3096.0,278
23:12:10,ESX-FUTURE,BID,3087.0,51
23:12:11,ESX-FUTURE,BID,3087.0,75
23:12:11,SP-FUTURE,BID,3096.0,610
23:12:11,SP-FUTURE,BID,3096.0,1042
23:12:12,ESX-FUTURE,ASK,3086.0,164
23:12:12,SP-FUTURE,ASK,3096.0,152
23:12:12,SP-FUTURE,ASK,3096.0,708
23:12:13,SP-FUTURE,BID,3096.0,882
23:12:13,ESX-FUTURE,BID,3086.0,371
23:12:14,SP-FUTURE,ASK,3096.0,1123
23:12:14,ESX-FUTURE,ASK,3086.0,90
23:12:14,SP-FUTURE,ASK,3096.0,523
23:12:15,ESX-FUTURE,BID,3086.0,674
23:12:16,SP-FUTURE,ASK,3096.0,445
23:12:16,ESX-FUTURE,BID,3086.0,583
23:12:17,SP-FUTURE,BID,3095.0,127
23:12:17,SP-FUTURE,BID,3095.0,519
23:12:18,SP-FUTURE,BID,3095.0,490
23:12:18,ESX-FUTURE,ASK,3086.0,105
23:12:18,SP-FUTURE,BID,3095.0,194
23:12:19,ESX-FUTURE,ASK,3086.0,412
23:12:20,SP-FUTURE,ASK,3096.0,443
23:12:20,ESX-FUTURE,BID,3086.0,2036
23:12:20,SP-FUTURE,ASK,3096.0,806
23:12:21,SP-FUTURE,ASK,3096.0,578
23:12:21,SP-FUTURE,BID,3095.0,221
23:12:22,ESX-FUTURE,ASK,3086.0,2500
23:12:23,SP-FUTURE,ASK,3097.0,96
23:12:23,ESX-FUTURE,ASK,3086.0,1314
23:12:23,SP-FUTURE,ASK,3097.0,201
23:12:24,ESX-FUTURE,ASK,3086.0,200
23:12:24,SP-FUTURE,ASK,3097.0,351
23:12:25,ESX-FUTURE,BID,3086.0,63
23:12:25,SP-FUTURE,BID,3097.0,32
23:12:25,ESX-FUTURE,BID,3086.0,17
23:12:26,SP-FUTURE,BID,3097.0,330
23:12:26,ESX-FUTURE,BID,3086.0,764
23:12:26,SP-FUTURE,ASK,3097.0,451
23:12:27,ESX-FUTURE,ASK,3086.0,836
23:12:28,SP-FUTURE,ASK,3097.0,2044
23:12:28,SP-FUTURE,BID,3097.0,163
23:12:29,ESX-FUTURE,BID,3087.0,423
23:12:29,ESX-FUTURE,ASK,3087.0,1713
23:12:30,SP-FUTURE,BID,3097.0,147
23:12:30,ESX-FUTURE,ASK,3087.0,120
23:12:31,ESX-FUTURE,ASK,3087.0,40
23:12:31,ESX-FUTURE,BID,3087.0,73
23:12:32,ESX-FUTURE,ASK,3087.0,28
23:12:32,ESX-FUTURE,BID,3087.0,2403
23:12:32,SP-FUTURE,BID,3096.0,286
23:12:33,ESX-FUTURE,BID,3087.0,196
23:12:33,ESX-FUTURE,ASK,3087.0,164
23:12:34,SP-FUTURE,ASK,3096.0,1961
23:12:34,ESX-FUTURE,BID,3087.0,985
23:12:35,SP-FUTURE,ASK,3096.0,1665
23:12:35,SP-FUTURE,BID,3096.0,200
23:12:35,ESX-FUTURE,BID,3088.0,609
23:12:35,ESX-FUTURE,BID,3088.0,1021
23:12:35,SP-FUTURE,BID,3095.0,343
23:12:36,ESX-FUTURE,BID,3088.0,705
23:12:37,SP-FUTURE,BID,3095.0,379
23:12:37,ESX-FUTURE,BID,3088.0,452
23:12:37,ESX-FUTURE,ASK,3088.0,204
23:12:38,SP-FUTURE,ASK,3095.0,149
23:12:38,SP-FUTURE,ASK,3095.0,1550
23:12:39,ESX-FUTURE,ASK,3089.0,1361
23:12:39,SP-FUTURE,BID,3095.0,313
23:12:40,ESX-FUTURE,BID,3089.0,823
23:12:40,SP-FUTURE,BID,3095.0,703
23:12:41,SP-FUTURE,ASK,3095.0,1642
23:12:41,ESX-FUTURE,BID,3090.0,169
23:12:41,SP-FUTURE,ASK,3095.0,434
23:12:42,ESX-FUTURE,ASK,3090.0,2071
23:12:42,ESX-FUTURE,BID,3090.0,252
23:12:43,ESX-FUTURE,ASK,3090.0,259
23:12:43,SP-FUTURE,ASK,3098.0,43
23:12:44,ESX-FUTURE,ASK,3090.0,430
23:12:44,SP-FUTURE,BID,3098.0,855
23:12:45,SP-FUTURE,BID,3098.0,83
23:12:45,ESX-FUTURE,ASK,3089.0,80
23:12:46,ESX-FUTURE,BID,3089.0,342
23:12:47,SP-FUTURE,BID,3097.0,925
23:12:47,ESX-FUTURE,ASK,3089.0,2409
23:12:49,SP-FUTURE,BID,3101.0,382
23:12:49,ESX-FUTURE,ASK,3089.0,301
23:12:50,SP-FUTURE,BID,3101.0,34
23:12:50,ESX-FUTURE,ASK,3089.0,205
23:12:51,SP-FUTURE,BID,3101.0,144
23:12:51,ESX-FUTURE,ASK,3089.0,111
23:12:51,ESX-FUTURE,BID,3089.0,81
23:12:53,ESX-FUTURE,ASK,3089.0,1132
23:12:53,SP-FUTURE,ASK,3102.0,1506
23:12:53,ESX-FUTURE,ASK,3089.0,150
23:12:53,SP-FUTURE,ASK,3102.0,785
23:12:54,SP-FUTURE,ASK,3102.0,870
23:12:54,SP-FUTURE,ASK,3102.0,1400
23:12:55,ESX-FUTURE,ASK,3090.0,24
23:12:56,SP-FUTURE,BID,3102.0,238
23:12:56,ESX-FUTURE,ASK,3090.0,443
23:12:57,ESX-FUTURE,BID,3090.0,664
23:12:57,SP-FUTURE,BID,3102.0,65
23:12:58,ESX-FUTURE,BID,3090.0,1403
23:12:58,SP-FUTURE,ASK,3101.0,137
23:12:59,ESX-FUTURE,BID,3090.0,1207
23:12:59,ESX-FUTURE,ASK,3090.0,95
23:13:00,SP-FUTURE,BID,3100.0,211
23:13:00,ESX-FUTURE,BID,3090.0,457
23:13:01,SP-FUTURE,BID,3100.0,1068
23:13:01,ESX-FUTURE,BID,3089.0,20
23:13:02,ESX-FUTURE,BID,3089.0,303
23:13:02,SP-FUTURE,ASK,3100.0,79
23:13:03,ESX-FUTURE,BID,3089.0,721
23:13:03,SP-FUTURE,BID,3099.0,568
23:13:04,ESX-FUTURE,BID,3089.0,184
23:13:05,SP-FUTURE,ASK,3100.0,110
23:13:06,ESX-FUTURE,ASK,3090.0,470
23:13:07,ESX-FUTURE,BID,3089.0,222
23:13:07,SP-FUTURE,ASK,3100.0,596
23:13:08,ESX-FUTURE,ASK,3090.0,705
23:13:08,SP-FUTURE,ASK,3100.0,791
23:13:09,SP-FUTURE,BID,3100.0,151
23:13:10,ESX-FUTURE,ASK,3090.0,475
23:13:10,SP-FUTURE,BID,3100.0,705
23:13:10,SP-FUTURE,ASK,3100.0,456
23:13:10,ESX-FUTURE,BID,3090.0,473
23:13:11,ESX-FUTURE,BID,3090.0,731
23:13:11,SP-FUTURE,BID,3099.0,1704
23:13:11,ESX-FUTURE,BID,3089.0,862
23:13:12,ESX-FUTURE,BID,3089.0,581
23:13:12,SP-FUTURE,ASK,3098.0,8
23:13:13,ESX-FUTURE,ASK,3089.0,1820
23:13:14,SP-FUTURE,ASK,3100.0,1579
23:13:15,ESX-FUTURE,BID,3089.0,350
23:13:15,ESX-FUTURE,ASK,3089.0,156
23:13:16,SP-FUTURE,BID,3100.0,341
23:13:16,ESX-FUTURE,ASK,3089.0,2026
23:13:17,SP-FUTURE,BID,3102.0,15
23:13:17,SP-FUTURE,BID,3102.0,806
23:13:18,SP-FUTURE,BID,3102.0,221
23:13:18,ESX-FUTURE,BID,3088.0,745
23:13:19,SP-FUTURE,BID,3101.0,397
23:13:19,SP-FUTURE,BID,3101.0,470
23:13:19,ESX-FUTURE,ASK,3088.0,1740
23:13:20,SP-FUTURE,BID,3103.0,317
23:13:20,ESX-FUTURE,ASK,3088.0,9
23:13:21,ESX-FUTURE,BID,3088.0,1863
23:13:22,SP-FUTURE,BID,3103.0,423
23:13:23,SP-FUTURE,BID,3103.0,788
23:13:23,ESX-FUTURE,BID,3088.0,196
23:13:24,ESX-FUTURE,ASK,3088.0,1985
23:13:24,SP-FUTURE,ASK,3104.0,1415
23:13:25,SP-FUTURE,ASK,3104.0,668
23:13:26,ESX-FUTURE,ASK,3088.0,23
23:13:26,SP-FUTURE,ASK,3104.0,36
23:13:27,SP-FUTURE,ASK,3104.0,1161
23:13:27,ESX-FUTURE,ASK,3089.0,890
23:13:28,SP-FUTURE,BID,3104.0,2205
23:13:28,ESX-FUTURE,ASK,3086.0,139
23:13:28,ESX-FUTURE,ASK,3086.0,66
23:13:29,SP-FUTURE,BID,3104.0,2024
23:13:29,ESX-FUTURE,BID,3085.0,104
23:13:29,ESX-FUTURE,ASK,3086.0,349
23:13:29,SP-FUTURE,BID,3105.0,81
23:13:30,ESX-FUTURE,BID,3085.0,401
23:13:31,SP-FUTURE,BID,3104.0,157
23:13:32,ESX-FUTURE,ASK,3086.0,894
23:13:32,SP-FUTURE,BID,3105.0,48
23:13:33,SP-FUTURE,ASK,3105.0,260
23:13:34,ESX-FUTURE,BID,3085.0,141
23:13:34,SP-FUTURE,ASK,3105.0,200
23:13:35,ESX-FUTURE,ASK,3086.0,246
23:13:35,ESX-FUTURE,BID,3085.0,394
23:13:35,SP-FUTURE,BID,3104.0,33
23:13:36,ESX-FUTURE,ASK,3086.0,1049
23:13:36,SP-FUTURE,ASK,3105.0,321
23:13:37,SP-FUTURE,ASK,3105.0,296
23:13:37,ESX-FUTURE,BID,3086.0,392
23:13:38,SP-FUTURE,BID,3105.0,66
23:13:38,ESX-FUTURE,ASK,3086.0,347
23:13:38,SP-FUTURE,BID,3105.0,338
23:13:39,ESX-FUTURE,ASK,3086.0,345
23:13:40,ESX-FUTURE,BID,3085.0,1566
23:13:40,SP-FUTURE,BID,3104.0,64
23:13:42,ESX-FUTURE,ASK,3086.0,699
23:13:42,SP-FUTURE,BID,3104.0,51
23:13:42,ESX-FUTURE,ASK,3086.0,116
23:13:43,SP-FUTURE,ASK,3105.0,1666
23:13:43,ESX-FUTURE,ASK,3087.0,242
23:13:43,ESX-FUTURE,BID,3086.0,34
23:13:44,SP-FUTURE,BID,3104.0,78
23:13:44,SP-FUTURE,BID,3104.0,283
23:13:45,ESX-FUTURE,ASK,3086.0,767
23:13:46,SP-FUTURE,ASK,3105.0,344
23:13:46,ESX-FUTURE,ASK,3087.0,228
23:13:47,ESX-FUTURE,ASK,3087.0,1168
23:13:47,ESX-FUTURE,BID,3086.0,55
23:13:48,SP-FUTURE,ASK,3105.0,249
23:13:48,SP-FUTURE,ASK,3105.0,681
23:13:48,ESX-FUTURE,ASK,3087.0,415
23:13:48,SP-FUTURE,BID,3105.0,7
23:13:50,SP-FUTURE,ASK,3106.0,451
23:13:50,ESX-FUTURE,BID,3086.0,374
23:13:51,ESX-FUTURE,ASK,3087.0,214
23:13:51,SP-FUTURE,ASK,3106.0,647
23:13:52,ESX-FUTURE,BID,3086.0,2642
23:13:52,SP-FUTURE,ASK,3105.0,192
23:13:53,SP-FUTURE,BID,3105.0,366
23:13:53,ESX-FUTURE,BID,3086.0,1285
23:13:54,SP-FUTURE,ASK,3104.0,152
23:13:54,ESX-FUTURE,BID,3086.0,68
23:13:55,SP-FUTURE,BID,3104.0,250
23:13:55,ESX-FUTURE,ASK,3087.0,94
23:13:56,ESX-FUTURE,ASK,3087.0,56
23:13:56,SP-FUTURE,ASK,3104.0,52
23:13:57,ESX-FUTURE,BID,3086.0,1542
23:13:57,SP-FUTURE,BID,3104.0,395
23:13:57,SP-FUTURE,ASK,3104.0,1118
23:13:57,ESX-FUTURE,BID,3087.0,367
23:13:58,ESX-FUTURE,ASK,3087.0,227
23:13:58,ESX-FUTURE,BID,3087.0,2463
23:13:59,SP-FUTURE,ASK,3101.0,320
23:14:00,ESX-FUTURE,BID,3087.0,408
23:14:00,SP-FUTURE,ASK,3100.0,52
23:14:00,ESX-FUTURE,ASK,3088.0,783
23:14:01,ESX-FUTURE,BID,3087.0,127
23:14:01,ESX-FUTURE,ASK,3088.0,31
23:14:02,SP-FUTURE,ASK,3101.0,47
23:14:03,ESX-FUTURE,ASK,3088.0,42
23:14:03,SP-FUTURE,BID,3100.0,1411
23:14:04,SP-FUTURE,BID,3100.0,1908
23:14:05,ESX-FUTURE,ASK,3087.0,65
23:14:06,SP-FUTURE,ASK,3101.0,1625
23:14:06,ESX-FUTURE,BID,3087.0,798
23:14:06,SP-FUTURE,BID,3100.0,61
23:14:07,SP-FUTURE,BID,3100.0,393
23:14:08,ESX-FUTURE,ASK,3087.0,208
23:14:08,SP-FUTURE,ASK,3100.0,33
23:14:09,ESX-FUTURE,ASK,3087.0,146
23:14:10,SP-FUTURE,BID,3100.0,183
23:14:10,ESX-FUTURE,BID,3087.0,867
23:14:11,ESX-FUTURE,ASK,3087.0,836
23:14:11,SP-FUTURE,BID,3100.0,2437
23:14:11,ESX-FUTURE,ASK,3084.0,143
23:14:12,SP-FUTURE,ASK,3100.0,107
23:14:12,SP-FUTURE,ASK,3100.0,54
23:14:12,ESX-FUTURE,ASK,3084.0,860
23:14:13,ESX-FUTURE,BID,3084.0,277
23:14:13,SP-FUTURE,BID,3100.0,345
23:14:13,ESX-FUTURE,ASK,3084.0,2183
23:14:14,SP-FUTURE,ASK,3103.0,186
23:14:14,ESX-FUTURE,BID,3084.0,464
23:14:15,ESX-FUTURE,BID,3084.0,145
23:14:15,SP-FUTURE,BID,3103.0,4
23:14:16,SP-FUTURE,BID,3103.0,42
23:14:17,ESX-FUTURE,BID,3084.0,172
23:14:17,ESX-FUTURE,BID,3084.0,336
23:14:18,SP-FUTURE,ASK,3103.0,153
23:14:19,ESX-FUTURE,ASK,3084.0,1611
23:14:19,SP-FUTURE,ASK,3104.0,325
23:14:19,ESX-FUTURE,BID,3084.0,1142
23:14:21,ESX-FUTURE,BID,3084.0,1029
23:14:21,SP-FUTURE,ASK,3104.0,2141
23:14:22,ESX-FUTURE,ASK,3085.0,1229
23:14:22,SP-FUTURE,BID,3103.0,1213
23:14:22,ESX-FUTURE,BID,3084.0,537
23:14:23,SP-FUTURE,ASK,3103.0,37
23:14:23,SP-FUTURE,ASK,3103.0,50
23:14:24,ESX-FUTURE,ASK,3084.0,19
23:14:24,SP-FUTURE,BID,3103.0,626
23:14:25,ESX-FUTURE,BID,3084.0,985
23:14:26,SP-FUTURE,BID,3103.0,506
23:14:26,ESX-FUTURE,BID,3084.0,384
23:14:27,SP-FUTURE,BID,3102.0,247
23:14:27,ESX-FUTURE,BID,3084.0,430
23:14:28,ESX-FUTURE,ASK,3084.0,54
23:14:28,SP-FUTURE,ASK,3103.0,426
23:14:29,ESX-FUTURE,ASK,3084.0,925
23:14:29,SP-FUTURE,BID,3103.0,45
23:14:30,ESX-FUTURE,ASK,3084.0,204
23:14:30,SP-FUTURE,ASK,3103.0,99
23:14:30,ESX-FUTURE,ASK,3084.0,1036
23:14:31,SP-FUTURE,BID,3103.0,503
23:14:32,ESX-FUTURE,BID,3083.0,440
23:14:32,SP-FUTURE,BID,3103.0,1279
23:14:32,ESX-FUTURE,ASK,3083.0,1670
23:14:33,ESX-FUTURE,BID,3083.0,106
23:14:33,SP-FUTURE,BID,3104.0,2
23:14:34,SP-FUTURE,ASK,3104.0,796
23:14:34,ESX-FUTURE,ASK,3083.0,663
23:14:35,SP-FUTURE,ASK,3104.0,229
23:14:35,ESX-FUTURE,BID,3083.0,1087
23:14:36,SP-FUTURE,BID,3104.0,872
23:14:36,ESX-FUTURE,BID,3083.0,797
23:14:36,ESX-FUTURE,ASK,3083.0,523
23:14:36,SP-FUTURE,ASK,3104.0,1827
23:14:36,ESX-FUTURE,BID,3083.0,1382
23:14:37,SP-FUTURE,BID,3102.0,29
23:14:38,ESX-FUTURE,BID,3083.0,690
23:14:38,ESX-FUTURE,BID,3083.0,1123
23:14:39,SP-FUTURE,BID,3101.0,397
23:14:40,ESX-FUTURE,BID,3083.0,4
23:14:40,ESX-FUTURE,BID,3083.0,118
23:14:40,SP-FUTURE,ASK,3101.0,68
23:14:41,SP-FUTURE,ASK,3101.0,859
23:14:41,ESX-FUTURE,BID,3083.0,215
23:14:41,ESX-FUTURE,BID,3083.0,960
23:14:43,SP-FUTURE,ASK,3101.0,441
23:14:43,SP-FUTURE,BID,3100.0,523
23:14:44,ESX-FUTURE,ASK,3084.0,670
23:14:44,SP-FUTURE,ASK,3101.0,1145
23:14:45,SP-FUTURE,BID,3101.0,249
23:14:45,ESX-FUTURE,BID,3084.0,281
23:14:46,SP-FUTURE,BID,3100.0,178
23:14:46,SP-FUTURE,BID,3100.0,314
23:14:47,SP-FUTURE,BID,3100.0,2118
23:14:47,ESX-FUTURE,BID,3081.0,229
23:14:47,SP-FUTURE,BID,3100.0,244
23:14:48,ESX-FUTURE,BID,3081.0,1446
23:14:49,SP-FUTURE,ASK,3100.0,2069
23:14:49,ESX-FUTURE,BID,3081.0,68
23:14:49,SP-FUTURE,ASK,3100.0,9
23:14:50,SP-FUTURE,BID,3100.0,1377
23:14:50,SP-FUTURE,BID,3100.0,1546
23:14:50,ESX-FUTURE,BID,3080.0,1690
23:14:51,SP-FUTURE,ASK,3099.0,689
23:14:52,ESX-FUTURE,ASK,3081.0,25
23:14:52,SP-FUTURE,BID,3099.0,281
23:14:53,SP-FUTURE,ASK,3099.0,605
23:14:53,ESX-FUTURE,ASK,3081.0,161
23:14:55,ESX-FUTURE,ASK,3081.0,178
23:14:55,SP-FUTURE,BID,3099.0,209
23:14:55,SP-FUTURE,ASK,3099.0,488
23:14:56,ESX-FUTURE,BID,3081.0,7
23:14:56,ESX-FUTURE,ASK,3081.0,13
23:14:56,SP-FUTURE,BID,3099.0,218
23:14:57,ESX-FUTURE,BID,3081.0,278
23:14:57,SP-FUTURE,BID,3099.0,11
23:14:58,SP-FUTURE,BID,3099.0,349
23:14:58,ESX-FUTURE,ASK,3081.0,338
23:14:59,SP-FUTURE,BID,3099.0,454
23:14:59,ESX-FUTURE,ASK,3080.0,112
23:15:00,SP-FUTURE,BID,3099.0,1325
23:15:00,ESX-FUTURE,ASK,3080.0,2326
23:15:01,SP-FUTURE,ASK,3101.0,1702
23:15:01,ESX-FUTURE,ASK,3080.0,1742
23:15:02,SP-FUTURE,BID,3102.0,1034
23:15:03,ESX-FUTURE,BID,3079.0,364
23:15:03,SP-FUTURE,ASK,3102.0,967
23:15:04,ESX-FUTURE,ASK,3080.0,273
23:15:04,SP-FUTURE,BID,3102.0,5
23:15:05,ESX-FUTURE,ASK,3080.0,358
23:15:05,ESX-FUTURE,ASK,3080.0,764
23:15:05,SP-FUTURE,ASK,3103.0,1467
23:15:06,ESX-FUTURE,ASK,3081.0,779
23:15:06,ESX-FUTURE,ASK,3081.0,51
23:15:06,SP-FUTURE,ASK,3103.0,159
23:15:07,SP-FUTURE,BID,3103.0,814
23:15:08,ESX-FUTURE,BID,3081.0,302
23:15:08,SP-FUTURE,BID,3103.0,82
23:15:09,SP-FUTURE,BID,3103.0,495
23:15:09,ESX-FUTURE,ASK,3081.0,530
23:15:10,ESX-FUTURE,BID,3080.0,105
23:15:10,SP-FUTURE,BID,3103.0,1219
23:15:10,ESX-FUTURE,BID,3080.0,328
23:15:11,SP-FUTURE,BID,3103.0,193
23:15:11,ESX-FUTURE,BID,3079.0,1137
23:15:12,SP-FUTURE,BID,3102.0,1884
23:15:13,ESX-FUTURE,BID,3077.0,192
23:15:13,SP-FUTURE,BID,3102.0,150
23:15:14,ESX-FUTURE,ASK,3077.0,260
23:15:15,SP-FUTURE,ASK,3103.0,109
23:15:15,ESX-FUTURE,BID,3077.0,187
23:15:16,SP-FUTURE,ASK,3103.0,56
23:15:16,ESX-FUTURE,ASK,3077.0,268
23:15:17,ESX-FUTURE,BID,3077.0,1318
23:15:18,SP-FUTURE,BID,3102.0,424
23:15:18,SP-FUTURE,BID,3102.0,81
23:15:19,SP-FUTURE,BID,3102.0,19
23:15:19,ESX-FUTURE,BID,3077.0,871
23:15:19,SP-FUTURE,ASK,3103.0,2112
23:15:20,ESX-FUTURE,ASK,3078.0,1319
23:15:21,ESX-FUTURE,BID,3078.0,158
23:15:21,SP-FUTURE,BID,3103.0,719
23:15:22,ESX-FUTURE,ASK,3078.0,254
23:15:23,SP-FUTURE,BID,3103.0,241
23:15:23,ESX-FUTURE,BID,3078.0,229
23:15:23,ESX-FUTURE,ASK,3078.0,945
23:15:23,SP-FUTURE,ASK,3104.0,235
23:15:25,SP-FUTURE,ASK,3104.0,959
23:15:25,ESX-FUTURE,ASK,3079.0,20
23:15:25,ESX-FUTURE,BID,3079.0,1374
23:15:26,SP-FUTURE,BID,3103.0,429
23:15:26,ESX-FUTURE,BID,3079.0,629
23:15:28,ESX-FUTURE,ASK,3079.0,368
23:15:28,SP-FUTURE,BID,3103.0,153
23:15:28,ESX-FUTURE,ASK,3079.0,1265
23:15:29,SP-FUTURE,ASK,3104.0,577
23:15:30,ESX-FUTURE,BID,3079.0,77
23:15:30,ESX-FUTURE,ASK,3079.0,1260
23:15:31,ESX-FUTURE,BID,3079.0,361
23:15:31,SP-FUTURE,BID,3104.0,68
23:15:31,ESX-FUTURE,BID,3079.0,121
23:15:32,ESX-FUTURE,BID,3079.0,87
23:15:32,ESX-FUTURE,BID,3079.0,53
23:15:32,SP-FUTURE,ASK,3104.0,10
23:15:33,ESX-FUTURE,BID,3079.0,156
23:15:34,SP-FUTURE,ASK,3104.0,336
23:15:34,ESX-FUTURE,BID,3079.0,1230
23:15:35,SP-FUTURE,BID,3103.0,6
23:15:35,ESX-FUTURE,ASK,3079.0,336
23:15:35,SP-FUTURE,ASK,3103.0,52
23:15:37,SP-FUTURE,ASK,3103.0,109
23:15:38,ESX-FUTURE,ASK,3079.0,443
23:15:38,SP-FUTURE,ASK,3103.0,450
23:15:39,SP-FUTURE,ASK,3103.0,396
23:15:39,ESX-FUTURE,ASK,3080.0,2376
23:15:39,ESX-FUTURE,BID,3079.0,11
23:15:40,ESX-FUTURE,BID,3079.0,74
23:15:40,SP-FUTURE,ASK,3104.0,464
23:15:41,ESX-FUTURE,ASK,3080.0,589
23:15:41,ESX-FUTURE,BID,3080.0,46
23:15:41,SP-FUTURE,BID,3104.0,1266
23:15:42,ESX-FUTURE,ASK,3079.0,317
23:15:42,SP-FUTURE,ASK,3104.0,1896
23:15:42,ESX-FUTURE,BID,3081.0,404
23:15:43,SP-FUTURE,ASK,3104.0,276
23:15:43,ESX-FUTURE,BID,3081.0,29
23:15:44,SP-FUTURE,BID,3104.0,1315
23:15:45,ESX-FUTURE,BID,3080.0,372
23:15:45,SP-FUTURE,BID,3104.0,588
23:15:46,ESX-FUTURE,ASK,3080.0,1449
23:15:46,SP-FUTURE,ASK,3104.0,1635
23:15:46,SP-FUTURE,BID,3104.0,71
23:15:47,SP-FUTURE,ASK,3104.0,2084
23:15:47,ESX-FUTURE,ASK,3084.0,135
23:15:47,ESX-FUTURE,ASK,3084.0,910
23:15:48,SP-FUTURE,ASK,3105.0,227
23:15:48,ESX-FUTURE,BID,3084.0,666
23:15:48,ESX-FUTURE,ASK,3084.0,760
23:15:48,SP-FUTURE,BID,3105.0,163
23:15:49,ESX-FUTURE,BID,3084.0,168
23:15:50,SP-FUTURE,ASK,3105.0,559
23:15:50,ESX-FUTURE,ASK,3084.0,18
23:15:51,SP-FUTURE,ASK,3105.0,611
23:15:51,SP-FUTURE,ASK,3105.0,686
23:15:51,ESX-FUTURE,BID,3085.0,1492
23:15:52,ESX-FUTURE,BID,3085.0,965
23:15:52,ESX-FUTURE,ASK,3085.0,774
23:15:53,SP-FUTURE,BID,3103.0,815
23:15:53,ESX-FUTURE,BID,3085.0,156
23:15:54,SP-FUTURE,ASK,3103.0,149
23:15:54,ESX-FUTURE,ASK,3085.0,1876
23:15:55,SP-FUTURE,BID,3105.0,231
23:15:55,ESX-FUTURE,BID,3085.0,18
23:15:55,ESX-FUTURE,BID,3085.0,13
23:15:56,SP-FUTURE,ASK,3105.0,868
23:15:57,ESX-FUTURE,BID,3085.0,1679
23:15:57,SP-FUTURE,BID,3104.0,310
23:15:59,SP-FUTURE,BID,3104.0,781
23:15:59,ESX-FUTURE,ASK,3084.0,1538
23:16:00,SP-FUTURE,ASK,3104.0,1061
23:16:00,ESX-FUTURE,BID,3084.0,286
23:16:00,SP-FUTURE,ASK,3104.0,634
23:16:01,ESX-FUTURE,BID,3084.0,1400
23:16:01,SP-FUTURE,BID,3104.0,494
23:16:01,SP-FUTURE,BID,3104.0,754
23:16:02,ESX-FUTURE,BID,3084.0,1009
23:16:03,SP-FUTURE,BID,3103.0,401
23:16:03,ESX-FUTURE,ASK,3084.0,1142
23:16:04,ESX-FUTURE,ASK,3084.0,567
23:16:04,SP-FUTURE,BID,3104.0,51
23:16:05,ESX-FUTURE,BID,3084.0,268
23:16:05,SP-FUTURE,BID,3104.0,244
23:16:05,ESX-FUTURE,BID,3084.0,277
23:16:06,SP-FUTURE,BID,3104.0,1126
23:16:07,ESX-FUTURE,ASK,3084.0,134
23:16:07,SP-FUTURE,BID,3104.0,11
23:16:07,ESX-FUTURE,ASK,3084.0,186
23:16:08,SP-FUTURE,ASK,3104.0,1241
23:16:08,ESX-FUTURE,BID,3084.0,193
23:16:09,ESX-FUTURE,BID,3084.0,115
23:16:09,SP-FUTURE,BID,3104.0,1137
23:16:10,SP-FUTURE,BID,3104.0,344
23:16:11,ESX-FUTURE,BID,3084.0,974
23:16:12,SP-FUTURE,ASK,3103.0,499
23:16:12,ESX-FUTURE,ASK,3084.0,98
23:16:13,SP-FUTURE,ASK,3103.0,461
23:16:13,ESX-FUTURE,ASK,3085.0,1081
23:16:13,ESX-FUTURE,BID,3084.0,78
23:16:14,SP-FUTURE,BID,3103.0,912
23:16:14,ESX-FUTURE,ASK,3084.0,921
23:16:15,ESX-FUTURE,ASK,3084.0,627
23:16:15,SP-FUTURE,BID,3104.0,230
23:16:16,SP-FUTURE,ASK,3104.0,98
23:16:16,ESX-FUTURE,BID,3084.0,125
23:16:17,SP-FUTURE,ASK,3104.0,811
23:16:18,ESX-FUTURE,BID,3084.0,147
23:16:19,SP-FUTURE,ASK,3104.0,37
23:16:20,ESX-FUTURE,BID,3084.0,207
23:16:20,ESX-FUTURE,BID,3084.0,175
23:16:21,SP-FUTURE,BID,3104.0,256
23:16:21,SP-FUTURE,BID,3104.0,777
23:16:21,ESX-FUTURE,BID,3084.0,1194
23:16:21,ESX-FUTURE,ASK,3084.0,1020
23:16:21,ESX-FUTURE,ASK,3084.0,1428
23:16:22,SP-FUTURE,ASK,3105.0,292
23:16:23,ESX-FUTURE,BID,3084.0,3
23:16:23,SP-FUTURE,BID,3105.0,486
23:16:24,SP-FUTURE,ASK,3105.0,4
23:16:24,ESX-FUTURE,BID,3084.0,236
23:16:24,SP-FUTURE,BID,3105.0,133
23:16:25,ESX-FUTURE,BID,3083.0,901
23:16:25,SP-FUTURE,BID,3105.0,133
23:16:26,ESX-FUTURE,ASK,3084.0,102
23:16:26,SP-FUTURE,ASK,3105.0,369
23:16:27,SP-FUTURE,ASK,3105.0,1550
23:16:27,ESX-FUTURE,ASK,3084.0,425
23:16:27,SP-FUTURE,BID,3105.0,501
23:16:28,SP-FUTURE,BID,3105.0,156
23:16:28,ESX-FUTURE,BID,3084.0,621
23:16:29,ESX-FUTURE,BID,3084.0,224
23:16:29,SP-FUTURE,BID,3105.0,73
23:16:30,ESX-FUTURE,ASK,3084.0,73
23:16:30,SP-FUTURE,BID,3105.0,40
23:16:30,ESX-FUTURE,ASK,3084.0,21
23:16:31,SP-FUTURE,BID,3105.0,522
23:16:31,ESX-FUTURE,BID,3084.0,354
23:16:31,SP-FUTURE,BID,3105.0,229
23:16:32,SP-FUTURE,BID,3105.0,751
23:16:32,ESX-FUTURE,BID,3084.0,884
23:16:32,ESX-FUTURE,ASK,3084.0,6
23:16:33,ESX-FUTURE,BID,3084.0,1038
23:16:33,ESX-FUTURE,BID,3084.0,635
23:16:33,SP-FUTURE,BID,3105.0,99
23:16:34,ESX-FUTURE,BID,3084.0,351
23:16:34,SP-FUTURE,ASK,3105.0,53
23:16:35,SP-FUTURE,BID,3105.0,698
23:16:35,ESX-FUTURE,BID,3084.0,303
23:16:36,SP-FUTURE,ASK,3105.0,186
23:16:36,ESX-FUTURE,ASK,3084.0,29
23:16:37,SP-FUTURE,BID,3105.0,678
23:16:37,SP-FUTURE,ASK,3105.0,266
23:16:38,ESX-FUTURE,ASK,3084.0,38
23:16:38,ESX-FUTURE,ASK,3084.0,198
23:16:38,SP-FUTURE,BID,3105.0,235
23:16:40,ESX-FUTURE,BID,3084.0,476
23:16:40,SP-FUTURE,ASK,3105.0,1187
23:16:41,SP-FUTURE,ASK,3105.0,1143
23:16:42,SP-FUTURE,BID,3105.0,187
23:16:42,ESX-FUTURE,BID,3085.0,484
23:16:43,ESX-FUTURE,ASK,3085.0,403
23:16:43,SP-FUTURE,BID,3105.0,7
23:16:44,ESX-FUTURE,BID,3085.0,568
23:16:45,SP-FUTURE,BID,3104.0,209
23:16:45,SP-FUTURE,ASK,3104.0,29
23:16:46,ESX-FUTURE,BID,3085.0,261
23:16:46,SP-FUTURE,ASK,3104.0,291
23:16:47,ESX-FUTURE,ASK,3085.0,121
23:16:47,SP-FUTURE,BID,3104.0,178
23:16:47,SP-FUTURE,ASK,3104.0,100
23:16:48,ESX-FUTURE,ASK,3085.0,56
23:16:49,ESX-FUTURE,ASK,3085.0,74
23:16:49,SP-FUTURE,ASK,3104.0,120
23:16:50,ESX-FUTURE,ASK,3086.0,1886
23:16:51,ESX-FUTURE,BID,3085.0,21
23:16:51,SP-FUTURE,BID,3104.0,1341
23:16:52,SP-FUTURE,BID,3104.0,949
23:16:52,ESX-FUTURE,ASK,3085.0,1070
23:16:53,SP-FUTURE,ASK,3105.0,1780
23:16:54,ESX-FUTURE,ASK,3086.0,862
23:16:54,SP-FUTURE,BID,3105.0,1105
23:16:55,SP-FUTURE,BID,3105.0,1449
23:16:55,ESX-FUTURE,ASK,3084.0,237
23:16:56,ESX-FUTURE,BID,3084.0,28
23:16:56,SP-FUTURE,ASK,3105.0,144
23:16:57,SP-FUTURE,BID,3105.0,543
23:16:58,ESX-FUTURE,BID,3084.0,638
23:16:58,SP-FUTURE,BID,3105.0,528
23:16:59,ESX-FUTURE,ASK,3084.0,643
23:17:00,SP-FUTURE,ASK,3105.0,46
23:17:00,ESX-FUTURE,BID,3084.0,738
23:17:00,SP-FUTURE,BID,3105.0,761
23:17:01,ESX-FUTURE,BID,3084.0,1646
23:17:02,ESX-FUTURE,BID,3084.0,628
23:17:02,SP-FUTURE,BID,3103.0,243
23:17:02,ESX-FUTURE,BID,3084.0,23
23:17:03,ESX-FUTURE,BID,3084.0,452
23:17:03,SP-FUTURE,BID,3103.0,178
23:17:04,ESX-FUTURE,ASK,3084.0,651
23:17:04,SP-FUTURE,BID,3103.0,218
23:17:05,ESX-FUTURE,ASK,3084.0,104
23:17:05,SP-FUTURE,ASK,3103.0,234
23:17:05,ESX-FUTURE,BID,3084.0,2
23:17:07,SP-FUTURE,BID,3103.0,952
23:17:07,ESX-FUTURE,ASK,3083.0,458
23:17:08,SP-FUTURE,BID,3103.0,346
23:17:08,ESX-FUTURE,BID,3083.0,1660
23:17:08,SP-FUTURE,ASK,3102.0,298
23:17:10,SP-FUTURE,ASK,3102.0,912
23:17:10,ESX-FUTURE,ASK,3084.0,465
23:17:11,ESX-FUTURE,BID,3084.0,1177
23:17:11,SP-FUTURE,BID,3102.0,192
23:17:12,ESX-FUTURE,BID,3084.0,687
23:17:12,SP-FUTURE,ASK,3101.0,482
23:17:12,ESX-FUTURE,BID,3084.0,1528
23:17:13,ESX-FUTURE,ASK,3084.0,34
23:17:13,SP-FUTURE,BID,3101.0,717
23:17:13,SP-FUTURE,BID,3101.0,670
23:17:14,SP-FUTURE,ASK,3101.0,835
23:17:14,ESX-FUTURE,ASK,3083.0,534
23:17:14,ESX-FUTURE,ASK,3083.0,311
23:17:15,SP-FUTURE,BID,3101.0,31
23:17:16,ESX-FUTURE,BID,3083.0,1516
23:17:16,SP-FUTURE,ASK,3101.0,8
23:17:17,ESX-FUTURE,ASK,3083.0,134
23:17:17,ESX-FUTURE,ASK,3083.0,43
23:17:18,SP-FUTURE,BID,3101.0,207
23:17:18,ESX-FUTURE,ASK,3083.0,222
23:17:19,ESX-FUTURE,ASK,3083.0,398
23:17:19,SP-FUTURE,ASK,3101.0,995
23:17:20,ESX-FUTURE,BID,3084.0,154
23:17:20,SP-FUTURE,ASK,3101.0,292
23:17:21,ESX-FUTURE,BID,3084.0,459
23:17:22,SP-FUTURE,ASK,3101.0,516
23:17:22,ESX-FUTURE,BID,3084.0,1039
23:17:23,SP-FUTURE,BID,3100.0,71
23:17:24,ESX-FUTURE,BID,3084.0,520
23:17:24,SP-FUTURE,ASK,3100.0,120
23:17:24,SP-FUTURE,ASK,3100.0,201
23:17:25,ESX-FUTURE,BID,3084.0,426
23:17:25,SP-FUTURE,ASK,3100.0,146
23:17:26,ESX-FUTURE,ASK,3085.0,2753
23:17:27,SP-FUTURE,ASK,3104.0,216
23:17:27,ESX-FUTURE,BID,3085.0,90
23:17:28,ESX-FUTURE,BID,3085.0,92
23:17:28,SP-FUTURE,ASK,3103.0,1
23:17:29,ESX-FUTURE,ASK,3085.0,1403
23:17:29,SP-FUTURE,ASK,3104.0,1213
23:17:30,ESX-FUTURE,ASK,3086.0,283
23:17:30,SP-FUTURE,BID,3104.0,2275
23:17:32,SP-FUTURE,BID,3104.0,371
23:17:32,ESX-FUTURE,ASK,3083.0,268
23:17:33,SP-FUTURE,BID,3104.0,1
23:17:34,SP-FUTURE,ASK,3104.0,116
23:17:34,ESX-FUTURE,BID,3082.0,437
23:17:35,ESX-FUTURE,ASK,3083.0,1835
23:17:36,SP-FUTURE,BID,3106.0,47
23:17:36,ESX-FUTURE,BID,3082.0,566
23:17:37,SP-FUTURE,ASK,3106.0,168
23:17:38,SP-FUTURE,BID,3105.0,1067
23:17:38,ESX-FUTURE,BID,3082.0,681
23:17:39,SP-FUTURE,BID,3105.0,2195
23:17:39,ESX-FUTURE,BID,3081.0,1
23:17:40,SP-FUTURE,BID,3105.0,1024
23:17:41,ESX-FUTURE,ASK,3081.0,804
23:17:41,SP-FUTURE,ASK,3106.0,18
23:17:42,ESX-FUTURE,ASK,3081.0,435
23:17:42,SP-FUTURE,BID,3106.0,239
23:17:42,SP-FUTURE,ASK,3106.0,1192
23:17:43,SP-FUTURE,ASK,3106.0,893
23:17:44,ESX-FUTURE,BID,3082.0,29
23:17:44,SP-FUTURE,ASK,3106.0,894
23:17:45,ESX-FUTURE,ASK,3083.0,367
23:17:45,SP-FUTURE,ASK,3106.0,3
23:17:46,ESX-FUTURE,ASK,3083.0,944
23:17:47,SP-FUTURE,BID,3107.0,524
23:17:47,ESX-FUTURE,ASK,3083.0,364
23:17:48,ESX-FUTURE,BID,3083.0,600
23:17:48,SP-FUTURE,ASK,3107.0,750
23:17:48,ESX-FUTURE,ASK,3083.0,171
23:17:49,SP-FUTURE,ASK,3107.0,1034
23:17:50,ESX-FUTURE,BID,3083.0,2043
23:17:50,SP-FUTURE,BID,3104.0,698
23:17:50,SP-FUTURE,ASK,3104.0,459
23:17:50,ESX-FUTURE,ASK,3083.0,602
23:17:51,ESX-FUTURE,ASK,3083.0,94
23:17:51,ESX-FUTURE,BID,3083.0,636
23:17:52,SP-FUTURE,BID,3104.0,176
23:17:52,ESX-FUTURE,ASK,3083.0,1873
23:17:53,SP-FUTURE,BID,3106.0,1855
23:17:53,ESX-FUTURE,ASK,3082.0,14
23:17:53,SP-FUTURE,ASK,3107.0,436
23:17:54,ESX-FUTURE,BID,3082.0,260
23:17:54,SP-FUTURE,ASK,3107.0,53
23:17:55,ESX-FUTURE,ASK,3082.0,12
23:17:55,ESX-FUTURE,ASK,3082.0,99
23:17:56,SP-FUTURE,BID,3106.0,919
23:17:56,ESX-FUTURE,ASK,3082.0,1388
23:17:57,ESX-FUTURE,BID,3082.0,138
23:17:57,SP-FUTURE,BID,3107.0,1057
23:17:57,ESX-FUTURE,ASK,3082.0,1806
23:17:57,SP-FUTURE,ASK,3107.0,272
23:17:58,SP-FUTURE,ASK,3107.0,83
23:17:58,ESX-FUTURE,ASK,3082.0,52
23:17:58,SP-FUTURE,ASK,3107.0,112
23:17:59,SP-FUTURE,BID,3107.0,375
23:17:59,ESX-FUTURE,BID,3082.0,1171
23:18:00,SP-FUTURE,ASK,3107.0,259
23:18:00,ESX-FUTURE,ASK,3082.0,67
23:18:01,ESX-FUTURE,ASK,3082.0,121
23:18:01,SP-FUTURE,ASK,3107.0,608
23:18:02,ESX-FUTURE,ASK,3082.0,768
23:18:02,SP-FUTURE,ASK,3107.0,91
23:18:03,ESX-FUTURE,BID,3082.0,1041
23:18:04,SP-FUTURE,BID,3106.0,976
23:18:04,ESX-FUTURE,BID,3082.0,373
23:18:05,ESX-FUTURE,ASK,3082.0,1706
23:18:05,SP-FUTURE,BID,3107.0,1
23:18:05,SP-FUTURE,BID,3107.0,86
23:18:06,SP-FUTURE,ASK,3107.0,306
23:18:06,ESX-FUTURE,ASK,3082.0,1110
23:18:06,SP-FUTURE,BID,3107.0,724
23:18:07,ESX-FUTURE,ASK,3082.0,29
23:18:07,SP-FUTURE,ASK,3108.0,10
23:18:08,ESX-FUTURE,ASK,3082.0,45
23:18:08,SP-FUTURE,BID,3107.0,1114
23:18:09,ESX-FUTURE,ASK,3082.0,279
23:18:09,SP-FUTURE,ASK,3108.0,1224
23:18:10,SP-FUTURE,BID,3108.0,379
23:18:11,ESX-FUTURE,BID,3082.0,105
23:18:11,SP-FUTURE,BID,3108.0,127
23:18:13,SP-FUTURE,ASK,3108.0,1137
23:18:13,ESX-FUTURE,ASK,3083.0,75
23:18:14,ESX-FUTURE,BID,3083.0,328
23:18:14,SP-FUTURE,BID,3107.0,1518
23:18:16,ESX-FUTURE,ASK,3082.0,98
23:18:16,SP-FUTURE,BID,3107.0,67
23:18:17,ESX-FUTURE,ASK,3082.0,187
23:18:17,ESX-FUTURE,BID,3081.0,900
23:18:18,SP-FUTURE,BID,3107.0,278
23:18:20,ESX-FUTURE,BID,3081.0,1124
23:18:20,SP-FUTURE,ASK,3107.0,666
23:18:21,ESX-FUTURE,BID,3081.0,80
23:18:21,SP-FUTURE,ASK,3107.0,552
23:18:21,SP-FUTURE,ASK,3107.0,1297
23:18:21,ESX-FUTURE,BID,3082.0,707
23:18:22,SP-FUTURE,ASK,3107.0,1739
23:18:23,ESX-FUTURE,ASK,3083.0,275
23:18:24,SP-FUTURE,BID,3106.0,781
23:18:24,ESX-FUTURE,ASK,3082.0,1220
23:18:25,SP-FUTURE,BID,3107.0,151
23:18:25,ESX-FUTURE,ASK,3082.0,1420
23:18:26,ESX-FUTURE,BID,3082.0,211
23:18:26,SP-FUTURE,BID,3108.0,3
23:18:27,ESX-FUTURE,ASK,3082.0,210
23:18:27,ESX-FUTURE,BID,3082.0,245
23:18:27,SP-FUTURE,BID,3108.0,57
23:18:28,SP-FUTURE,ASK,3108.0,128
23:18:29,ESX-FUTURE,ASK,3082.0,68
23:18:30,ESX-FUTURE,BID,3082.0,189
23:18:30,SP-FUTURE,ASK,3108.0,1311
23:18:31,ESX-FUTURE,BID,3082.0,922
23:18:32,SP-FUTURE,ASK,3108.0,1632
23:18:32,SP-FUTURE,ASK,3108.0,726
23:18:32,ESX-FUTURE,ASK,3085.0,884
23:18:33,SP-FUTURE,ASK,3108.0,447
23:18:34,ESX-FUTURE,BID,3085.0,811
23:18:35,SP-FUTURE,BID,3107.0,653
23:18:35,ESX-FUTURE,BID,3084.0,160
23:18:35,SP-FUTURE,BID,3107.0,656
23:18:36,ESX-FUTURE,ASK,3084.0,261
23:18:37,SP-FUTURE,BID,3107.0,419
23:18:37,ESX-FUTURE,ASK,3084.0,1914
23:18:38,SP-FUTURE,ASK,3110.0,1479
23:18:38,ESX-FUTURE,BID,3085.0,218
23:18:38,SP-FUTURE,ASK,3110.0,933
23:18:38,ESX-FUTURE,BID,3085.0,326
23:18:39,ESX-FUTURE,ASK,3085.0,1097
23:18:40,SP-FUTURE,ASK,3110.0,407
23:18:40,ESX-FUTURE,ASK,3086.0,875
23:18:40,ESX-FUTURE,BID,3085.0,44
23:18:40,SP-FUTURE,ASK,3110.0,735
23:18:41,ESX-FUTURE,BID,3086.0,123
23:18:41,SP-FUTURE,ASK,3110.0,1103
23:18:43,SP-FUTURE,BID,3110.0,503
23:18:43,ESX-FUTURE,BID,3086.0,7
23:18:44,ESX-FUTURE,BID,3086.0,33
23:18:45,SP-FUTURE,BID,3110.0,727
23:18:46,ESX-FUTURE,BID,3085.0,1105
23:18:46,SP-FUTURE,BID,3110.0,757
23:18:47,SP-FUTURE,BID,3110.0,1276
23:18:48,ESX-FUTURE,BID,3084.0,7
23:18:48,SP-FUTURE,ASK,3110.0,147
23:18:49,ESX-FUTURE,ASK,3084.0,1010
23:18:49,SP-FUTURE,ASK,3110.0,26
23:18:50,ESX-FUTURE,BID,3084.0,270
23:18:50,ESX-FUTURE,BID,3084.0,252
23:18:51,SP-FUTURE,ASK,3110.0,954
23:18:52,ESX-FUTURE,BID,3084.0,37
23:18:52,SP-FUTURE,BID,3110.0,564
23:18:53,SP-FUTURE,ASK,3110.0,430
23:18:53,ESX-FUTURE,BID,3084.0,52
23:18:54,SP-FUTURE,BID,3110.0,34
23:18:54,ESX-FUTURE,BID,3084.0,170
23:18:55,SP-FUTURE,BID,3110.0,63
23:18:56,ESX-FUTURE,BID,3084.0,202
23:18:56,ESX-FUTURE,ASK,3084.0,370
23:18:56,ESX-FUTURE,BID,3084.0,111
23:18:56,SP-FUTURE,ASK,3110.0,254
23:18:57,ESX-FUTURE,ASK,3084.0,733
23:18:57,SP-FUTURE,BID,3110.0,1838
23:18:58,ESX-FUTURE,ASK,3083.0,107
23:18:58,SP-FUTURE,ASK,3110.0,138
23:18:59,ESX-FUTURE,ASK,3083.0,621
23:18:59,SP-FUTURE,BID,3110.0,153
23:19:00,ESX-FUTURE,BID,3083.0,903
23:19:00,ESX-FUTURE,ASK,3083.0,52
23:19:01,SP-FUTURE,ASK,3110.0,167
23:19:01,ESX-FUTURE,BID,3083.0,279
23:19:02,SP-FUTURE,BID,3109.0,739
23:19:02,ESX-FUTURE,ASK,3082.0,1076
23:19:03,SP-FUTURE,ASK,3110.0,33
23:19:04,ESX-FUTURE,ASK,3082.0,355
23:19:04,ESX-FUTURE,BID,3082.0,1132
23:19:04,ESX-FUTURE,ASK,3082.0,588
23:19:05,ESX-FUTURE,BID,3082.0,502
23:19:05,ESX-FUTURE,ASK,3082.0,1116
23:19:05,SP-FUTURE,BID,3111.0,341
23:19:06,ESX-FUTURE,BID,3082.0,390
23:19:06,SP-FUTURE,BID,3111.0,817
23:19:07,SP-FUTURE,BID,3111.0,125
23:19:07,ESX-FUTURE,ASK,3082.0,41
23:19:08,SP-FUTURE,BID,3111.0,1533
23:19:08,SP-FUTURE,ASK,3111.0,74
23:19:08,ESX-FUTURE,BID,3082.0,200
23:19:09,ESX-FUTURE,BID,3082.0,167
23:19:09,ESX-FUTURE,BID,3082.0,706
23:19:10,SP-FUTURE,BID,3110.0,326
23:19:10,ESX-FUTURE,ASK,3082.0,43
23:19:11,SP-FUTURE,ASK,3110.0,1030
23:19:11,ESX-FUTURE,ASK,3083.0,288
23:19:11,SP-FUTURE,ASK,3111.0,494
23:19:13,ESX-FUTURE,ASK,3083.0,307
23:19:13,SP-FUTURE,BID,3110.0,283
23:19:13,ESX-FUTURE,BID,3083.0,583
23:19:13,SP-FUTURE,BID,3110.0,4
23:19:15,SP-FUTURE,BID,3110.0,536
23:19:15,ESX-FUTURE,ASK,3083.0,1497
23:19:15,ESX-FUTURE,ASK,3083.0,876
23:19:16,SP-FUTURE,BID,3111.0,693
23:19:16,ESX-FUTURE,ASK,3082.0,78
23:19:16,SP-FUTURE,ASK,3111.0,440
23:19:16,ESX-FUTURE,BID,3082.0,79
23:19:17,SP-FUTURE,BID,3111.0,812
23:19:17,ESX-FUTURE,BID,3082.0,153
23:19:18,SP-FUTURE,ASK,3111.0,1091
23:19:18,ESX-FUTURE,BID,3083.0,705
23:19:20,ESX-FUTURE,BID,3083.0,1189
23:19:20,SP-FUTURE,ASK,3110.0,2427
23:19:20,ESX-FUTURE,ASK,3086.0,524
23:19:21,SP-FUTURE,ASK,3110.0,1723
23:19:22,ESX-FUTURE,ASK,3088.0,175
23:19:22,ESX-FUTURE,BID,3088.0,153
23:19:23,SP-FUTURE,BID,3110.0,143
23:19:23,ESX-FUTURE,ASK,3088.0,252
23:19:24,ESX-FUTURE,ASK,3088.0,688
23:19:24,SP-FUTURE,BID,3111.0,1832
23:19:25,ESX-FUTURE,ASK,3086.0,43
23:19:25,SP-FUTURE,BID,3111.0,1586
23:19:26,SP-FUTURE,BID,3111.0,403
23:19:26,ESX-FUTURE,ASK,3085.0,559
23:19:27,SP-FUTURE,BID,3111.0,211
23:19:28,SP-FUTURE,BID,3111.0,1024
23:19:28,ESX-FUTURE,BID,3083.0,453
23:19:29,SP-FUTURE,ASK,3111.0,747
23:19:29,ESX-FUTURE,BID,3083.0,2395
23:19:30,SP-FUTURE,ASK,3108.0,931
23:19:31,ESX-FUTURE,BID,3084.0,103
23:19:31,SP-FUTURE,ASK,3108.0,832
23:19:32,SP-FUTURE,BID,3108.0,323
23:19:32,ESX-FUTURE,ASK,3085.0,227
23:19:32,SP-FUTURE,BID,3108.0,246
23:19:33,SP-FUTURE,ASK,3108.0,156
23:19:33,ESX-FUTURE,BID,3084.0,1166
23:19:33,SP-FUTURE,ASK,3107.0,55
23:19:34,ESX-FUTURE,BID,3084.0,507
23:19:34,SP-FUTURE,BID,3107.0,74
23:19:34,SP-FUTURE,BID,3107.0,676
23:19:35,ESX-FUTURE,BID,3084.0,156
23:19:35,SP-FUTURE,ASK,3107.0,19
23:19:35,ESX-FUTURE,BID,3084.0,621
23:19:36,SP-FUTURE,BID,3107.0,757
23:19:36,SP-FUTURE,ASK,3107.0,474
23:19:37,ESX-FUTURE,BID,3084.0,1102
23:19:37,ESX-FUTURE,ASK,3084.0,748
23:19:38,SP-FUTURE,ASK,3107.0,230
23:19:38,ESX-FUTURE,BID,3084.0,138
23:19:39,ESX-FUTURE,BID,3084.0,320
23:19:39,SP-FUTURE,BID,3106.0,814
23:19:40,SP-FUTURE,BID,3106.0,14
23:19:40,SP-FUTURE,BID,3106.0,707
23:19:41,SP-FUTURE,BID,3106.0,263
23:19:41,ESX-FUTURE,ASK,3083.0,164
23:19:42,ESX-FUTURE,BID,3083.0,488
23:19:42,SP-FUTURE,BID,3106.0,910
23:19:43,ESX-FUTURE,BID,3083.0,16
23:19:43,SP-FUTURE,ASK,3106.0,177
23:19:44,SP-FUTURE,BID,3106.0,18
23:19:45,ESX-FUTURE,ASK,3083.0,599
23:19:46,SP-FUTURE,BID,3106.0,5
23:19:46,ESX-FUTURE,ASK,3083.0,389
23:19:46,SP-FUTURE,BID,3107.0,577
23:19:46,ESX-FUTURE,ASK,3083.0,1372
23:19:47,SP-FUTURE,BID,3107.0,33
23:19:48,SP-FUTURE,BID,3107.0,22
23:19:48,ESX-FUTURE,BID,3083.0,22
23:19:49,SP-FUTURE,BID,3107.0,4
23:19:49,ESX-FUTURE,ASK,3083.0,507
23:19:50,SP-FUTURE,ASK,3107.0,788
23:19:50,ESX-FUTURE,ASK,3083.0,308
23:19:51,SP-FUTURE,BID,3107.0,884
23:19:52,ESX-FUTURE,BID,3082.0,2634
23:19:52,SP-FUTURE,ASK,3105.0,682
23:19:53,ESX-FUTURE,BID,3082.0,866
23:19:53,SP-FUTURE,ASK,3105.0,492
23:19:54,ESX-FUTURE,BID,3083.0,40
23:19:55,SP-FUTURE,ASK,3105.0,869
23:19:56,ESX-FUTURE,ASK,3083.0,201
23:19:56,ESX-FUTURE,BID,3083.0,1043
23:19:57,SP-FUTURE,ASK,3104.0,414
23:19:58,ESX-FUTURE,ASK,3083.0,2433
23:19:58,ESX-FUTURE,ASK,3083.0,1957
23:19:58,SP-FUTURE,ASK,3109.0,779
23:19:59,ESX-FUTURE,BID,3083.0,834
23:20:00,SP-FUTURE,ASK,3108.0,14
23:20:00,ESX-FUTURE,ASK,3083.0,31
23:20:01,SP-FUTURE,ASK,3108.0,5
23:20:01,ESX-FUTURE,BID,3083.0,93
23:20:02,SP-FUTURE,ASK,3108.0,75
23:20:03,SP-FUTURE,ASK,3108.0,24
23:20:03,ESX-FUTURE,BID,3083.0,970
23:20:04,SP-FUTURE,ASK,3108.0,37
23:20:05,ESX-FUTURE,ASK,3083.0,258
23:20:05,SP-FUTURE,BID,3108.0,397
23:20:06,ESX-FUTURE,BID,3083.0,1
23:20:06,SP-FUTURE,BID,3108.0,313
23:20:06,ESX-FUTURE,BID,3083.0,315
23:20:06,SP-FUTURE,BID,3108.0,2197
23:20:06,SP-FUTURE,ASK,3108.0,279
23:20:07,ESX-FUTURE,ASK,3082.0,68
23:20:08,SP-FUTURE,ASK,3108.0,88
23:20:09,SP-FUTURE,ASK,3108.0,238
23:20:09,SP-FUTURE,BID,3108.0,1238
23:20:09,ESX-FUTURE,BID,3081.0,319
23:20:10,ESX-FUTURE,ASK,3082.0,83
23:20:11,SP-FUTURE,BID,3108.0,684
23:20:11,ESX-FUTURE,ASK,3081.0,182
23:20:13,ESX-FUTURE,BID,3081.0,5
23:20:13,SP-FUTURE,ASK,3108.0,383
23:20:14,ESX-FUTURE,BID,3081.0,480
23:20:14,SP-FUTURE,ASK,3108.0,581
23:20:14,ESX-FUTURE,BID,3081.0,195
23:20:14,ESX-FUTURE,BID,3081.0,24
23:20:15,SP-FUTURE,BID,3107.0,1200
23:20:16,SP-FUTURE,ASK,3108.0,9
23:20:16,ESX-FUTURE,BID,3081.0,87
23:20:17,ESX-FUTURE,ASK,3081.0,1028
23:20:17,SP-FUTURE,ASK,3108.0,174
23:20:18,SP-FUTURE,BID,3108.0,1084
23:20:19,ESX-FUTURE,BID,3081.0,157
23:20:19,SP-FUTURE,ASK,3108.0,239
23:20:20,ESX-FUTURE,BID,3081.0,727
23:20:20,SP-FUTURE,ASK,3107.0,325
23:20:21,ESX-FUTURE,BID,3081.0,1335
23:20:21,SP-FUTURE,BID,3107.0,246
23:20:22,ESX-FUTURE,ASK,3081.0,1224
23:20:22,SP-FUTURE,ASK,3108.0,433
23:20:24,ESX-FUTURE,BID,3081.0,643
23:20:24,SP-FUTURE,BID,3108.0,418
23:20:25,SP-FUTURE,BID,3108.0,1733
23:20:26,ESX-FUTURE,BID,3081.0,91
23:20:27,SP-FUTURE,ASK,3108.0,240
23:20:27,ESX-FUTURE,BID,3081.0,479
23:20:28,SP-FUTURE,BID,3108.0,685
23:20:28,ESX-FUTURE,BID,3081.0,887
23:20:29,SP-FUTURE,BID,3108.0,116
23:20:29,ESX-FUTURE,ASK,3081.0,894
23:20:29,SP-FUTURE,BID,3108.0,516
23:20:29,ESX-FUTURE,ASK,3081.0,2050
23:20:31,ESX-FUTURE,ASK,3081.0,818
23:20:31,SP-FUTURE,BID,3110.0,119
23:20:32,ESX-FUTURE,ASK,3081.0,672
23:20:32,SP-FUTURE,ASK,3110.0,1008
23:20:33,ESX-FUTURE,ASK,3081.0,209
23:20:33,ESX-FUTURE,ASK,3081.0,730
23:20:33,SP-FUTURE,BID,3110.0,613
23:20:34,SP-FUTURE,BID,3110.0,52
23:20:34,ESX-FUTURE,ASK,3081.0,94
23:20:35,ESX-FUTURE,ASK,3081.0,101
23:20:35,SP-FUTURE,BID,3110.0,7
23:20:36,SP-FUTURE,BID,3110.0,53
23:20:36,ESX-FUTURE,ASK,3081.0,208
23:20:37,ESX-FUTURE,ASK,3081.0,99
23:20:37,SP-FUTURE,BID,3110.0,528
23:20:38,ESX-FUTURE,BID,3081.0,83
23:20:39,SP-FUTURE,ASK,3111.0,26
23:20:39,SP-FUTURE,BID,3110.0,1027
23:20:40,ESX-FUTURE,BID,3080.0,952
23:20:40,SP-FUTURE,ASK,3110.0,757
23:20:40,ESX-FUTURE,ASK,3080.0,1024
23:20:41,SP-FUTURE,BID,3111.0,907
23:20:41,ESX-FUTURE,BID,3080.0,330
23:20:42,SP-FUTURE,ASK,3111.0,1628
23:20:43,SP-FUTURE,ASK,3111.0,388
23:20:43,ESX-FUTURE,ASK,3080.0,6
23:20:44,ESX-FUTURE,BID,3080.0,1546
23:20:44,SP-FUTURE,ASK,3110.0,509
23:20:46,ESX-FUTURE,BID,3080.0,208
23:20:46,SP-FUTURE,BID,3110.0,816
23:20:46,ESX-FUTURE,BID,3080.0,286
23:20:46,ESX-FUTURE,BID,3080.0,619
23:20:47,SP-FUTURE,BID,3110.0,607
23:20:48,ESX-FUTURE,ASK,3080.0,23
23:20:48,SP-FUTURE,BID,3110.0,224
23:20:49,ESX-FUTURE,ASK,3080.0,365
23:20:49,SP-FUTURE,ASK,3110.0,58
23:20:50,ESX-FUTURE,BID,3080.0,237
23:20:50,ESX-FUTURE,BID,3080.0,634
23:20:50,SP-FUTURE,BID,3110.0,1744
23:20:51,ESX-FUTURE,BID,3079.0,1233
23:20:51,SP-FUTURE,ASK,3110.0,142
23:20:52,ESX-FUTURE,BID,3079.0,2548
23:20:52,SP-FUTURE,BID,3109.0,522
23:20:53,ESX-FUTURE,ASK,3080.0,137
23:20:53,SP-FUTURE,BID,3109.0,382
23:20:53,ESX-FUTURE,BID,3079.0,306
23:20:54,ESX-FUTURE,BID,3079.0,160
23:20:54,SP-FUTURE,BID,3109.0,92
23:20:56,ESX-FUTURE,BID,3079.0,69
23:20:56,SP-FUTURE,ASK,3109.0,200
23:20:56,ESX-FUTURE,BID,3079.0,85
23:20:56,SP-FUTURE,BID,3109.0,481
23:20:57,SP-FUTURE,BID,3109.0,519
23:20:57,ESX-FUTURE,BID,3079.0,642
23:20:58,SP-FUTURE,BID,3109.0,585
23:20:59,ESX-FUTURE,ASK,3079.0,264
23:20:59,SP-FUTURE,BID,3109.0,1610
23:21:00,ESX-FUTURE,ASK,3078.0,298
23:21:01,SP-FUTURE,ASK,3109.0,251
23:21:01,ESX-FUTURE,ASK,3078.0,351
23:21:02,SP-FUTURE,BID,3109.0,769
23:21:03,ESX-FUTURE,BID,3078.0,19
23:21:03,ESX-FUTURE,ASK,3078.0,307
23:21:04,SP-FUTURE,ASK,3109.0,295
23:21:04,ESX-FUTURE,BID,3078.0,2292
23:21:05,SP-FUTURE,ASK,3107.0,465
23:21:05,ESX-FUTURE,BID,3078.0,11
23:21:06,SP-FUTURE,ASK,3107.0,2444
23:21:07,ESX-FUTURE,BID,3080.0,649
23:21:07,SP-FUTURE,BID,3106.0,871
23:21:08,ESX-FUTURE,BID,3079.0,895
23:21:08,ESX-FUTURE,BID,3079.0,748
23:21:08,ESX-FUTURE,ASK,3080.0,434
23:21:09,SP-FUTURE,BID,3105.0,340
23:21:10,ESX-FUTURE,BID,3079.0,9
23:21:10,SP-FUTURE,BID,3105.0,955
23:21:12,ESX-FUTURE,ASK,3079.0,654
23:21:12,SP-FUTURE,BID,3106.0,336
23:21:12,SP-FUTURE,BID,3106.0,813
23:21:13,SP-FUTURE,ASK,3106.0,1609
23:21:13,SP-FUTURE,ASK,3106.0,1220
23:21:14,ESX-FUTURE,BID,3080.0,978
23:21:14,SP-FUTURE,BID,3105.0,703
23:21:14,ESX-FUTURE,BID,3080.0,1696
23:21:15,ESX-FUTURE,ASK,3080.0,33
23:21:15,SP-FUTURE,ASK,3106.0,741
23:21:16,SP-FUTURE,ASK,3106.0,261
23:21:16,SP-FUTURE,BID,3105.0,76
23:21:17,ESX-FUTURE,ASK,3080.0,1727
23:21:18,ESX-FUTURE,ASK,3080.0,157
23:21:18,SP-FUTURE,ASK,3107.0,377
23:21:19,ESX-FUTURE,ASK,3080.0,76
23:21:20,SP-FUTURE,BID,3107.0,362
23:21:20,ESX-FUTURE,ASK,3080.0,3
23:21:21,ESX-FUTURE,BID,3080.0,486
23:21:22,SP-FUTURE,ASK,3107.0,1688
23:21:23,SP-FUTURE,ASK,3107.0,1877
23:21:23,ESX-FUTURE,ASK,3081.0,18
23:21:23,ESX-FUTURE,ASK,3081.0,245
23:21:23,ESX-FUTURE,ASK,3081.0,186
23:21:24,ESX-FUTURE,ASK,3081.0,421
23:21:24,SP-FUTURE,BID,3107.0,278
23:21:25,ESX-FUTURE,ASK,3081.0,1682
23:21:26,SP-FUTURE,ASK,3107.0,139
23:21:26,ESX-FUTURE,BID,3081.0,225
23:21:27,SP-FUTURE,BID,3107.0,1769
23:21:27,ESX-FUTURE,BID,3080.0,975
23:21:28,SP-FUTURE,BID,3107.0,418
23:21:29,SP-FUTURE,ASK,3107.0,854
23:21:29,ESX-FUTURE,BID,3081.0,541
23:21:30,SP-FUTURE,ASK,3107.0,229
23:21:30,ESX-FUTURE,ASK,3081.0,237
23:21:30,SP-FUTURE,BID,3107.0,705
23:21:31,SP-FUTURE,BID,3107.0,1303
23:21:31,ESX-FUTURE,ASK,3080.0,741
23:21:32,ESX-FUTURE,BID,3079.0,278
23:21:32,SP-FUTURE,BID,3107.0,185
23:21:32,SP-FUTURE,BID,3107.0,351
23:21:33,ESX-FUTURE,ASK,3080.0,1045
23:21:34,SP-FUTURE,BID,3107.0,651
23:21:35,ESX-FUTURE,BID,3079.0,20
23:21:35,ESX-FUTURE,BID,3079.0,12
23:21:36,SP-FUTURE,BID,3107.0,456
23:21:36,ESX-FUTURE,ASK,3079.0,360
23:21:37,ESX-FUTURE,ASK,3079.0,1566
23:21:38,SP-FUTURE,ASK,3109.0,355
23:21:38,ESX-FUTURE,BID,3079.0,522
23:21:38,ESX-FUTURE,ASK,3079.0,42
23:21:39,SP-FUTURE,BID,3109.0,1127
23:21:40,SP-FUTURE,BID,3109.0,143
23:21:40,SP-FUTURE,ASK,3109.0,632
23:21:40,ESX-FUTURE,ASK,3079.0,232
23:21:40,SP-FUTURE,BID,3109.0,1610
23:21:42,ESX-FUTURE,BID,3077.0,576
23:21:42,SP-FUTURE,ASK,3109.0,1139
23:21:42,ESX-FUTURE,BID,3078.0,343
23:21:42,ESX-FUTURE,BID,3078.0,782
23:21:42,SP-FUTURE,BID,3108.0,346
23:21:43,ESX-FUTURE,ASK,3078.0,6
23:21:44,SP-FUTURE,BID,3108.0,54
23:21:44,SP-FUTURE,BID,3108.0,323
23:21:45,SP-FUTURE,BID,3108.0,230
23:21:45,ESX-FUTURE,BID,3077.0,1058
23:21:45,SP-FUTURE,BID,3107.0,623
23:21:46,ESX-FUTURE,BID,3077.0,464
23:21:46,SP-FUTURE,BID,3107.0,906
23:21:47,ESX-FUTURE,BID,3077.0,132
23:21:47,SP-FUTURE,BID,3107.0,303
23:21:48,ESX-FUTURE,ASK,3077.0,124
23:21:49,SP-FUTURE,BID,3107.0,1697
23:21:50,ESX-FUTURE,BID,3075.0,227
23:21:50,SP-FUTURE,ASK,3107.0,34
23:21:51,ESX-FUTURE,BID,3075.0,1083
23:21:52,ESX-FUTURE,ASK,3075.0,789
23:21:53,SP-FUTURE,ASK,3107.0,2242
23:21:53,ESX-FUTURE,ASK,3077.0,37
23:21:54,SP-FUTURE,ASK,3107.0,1454
23:21:55,ESX-FUTURE,ASK,3077.0,59
23:21:56,SP-FUTURE,ASK,3107.0,95
23:21:56,ESX-FUTURE,ASK,3077.0,78
23:21:57,ESX-FUTURE,ASK,3077.0,293
23:21:57,SP-FUTURE,ASK,3107.0,398
23:21:58,ESX-FUTURE,BID,3077.0,132
23:21:59,ESX-FUTURE,ASK,3078.0,389
23:21:59,SP-FUTURE,ASK,3108.0,1214
23:22:00,ESX-FUTURE,ASK,3079.0,1960
23:22:00,ESX-FUTURE,BID,3078.0,15
23:22:01,SP-FUTURE,ASK,3108.0,11
23:22:01,SP-FUTURE,BID,3107.0,1243
23:22:02,ESX-FUTURE,ASK,3078.0,152
23:22:02,SP-FUTURE,ASK,3108.0,533
23:22:03,SP-FUTURE,BID,3108.0,518
23:22:03,SP-FUTURE,ASK,3108.0,1136
23:22:04,ESX-FUTURE,ASK,3079.0,1908
23:22:04,SP-FUTURE,ASK,3109.0,52
23:22:05,ESX-FUTURE,ASK,3079.0,2004
23:22:05,ESX-FUTURE,ASK,3079.0,1000
23:22:05,SP-FUTURE,BID,3111.0,430
23:22:06,SP-FUTURE,BID,3111.0,1404
23:22:06,ESX-FUTURE,BID,3077.0,634
23:22:07,SP-FUTURE,BID,3111.0,316
23:22:07,SP-FUTURE,BID,3111.0,153
23:22:08,ESX-FUTURE,BID,3076.0,555
23:22:08,SP-FUTURE,BID,3111.0,245
23:22:08,ESX-FUTURE,ASK,3077.0,125
23:22:08,SP-FUTURE,ASK,3112.0,30
23:22:10,SP-FUTURE,BID,3111.0,225
23:22:10,ESX-FUTURE,ASK,3077.0,1248
23:22:10,SP-FUTURE,BID,3112.0,279
23:22:10,ESX-FUTURE,ASK,3076.0,161
23:22:11,ESX-FUTURE,BID,3076.0,1001
23:22:11,SP-FUTURE,ASK,3112.0,768
23:22:11,SP-FUTURE,ASK,3112.0,250
23:22:12,ESX-FUTURE,ASK,3077.0,1460
23:22:13,ESX-FUTURE,BID,3077.0,190
23:22:13,SP-FUTURE,BID,3113.0,201
23:22:13,ESX-FUTURE,ASK,3077.0,383
23:22:14,SP-FUTURE,ASK,3113.0,2053
23:22:14,SP-FUTURE,ASK,3113.0,967
23:22:14,ESX-FUTURE,ASK,3080.0,954
23:22:15,SP-FUTURE,ASK,3113.0,1274
23:22:15,ESX-FUTURE,ASK,3080.0,313
23:22:16,SP-FUTURE,BID,3113.0,786
23:22:16,SP-FUTURE,ASK,3113.0,1340
23:22:17,SP-FUTURE,ASK,3113.0,621
23:22:17,ESX-FUTURE,ASK,3080.0,778
23:22:18,ESX-FUTURE,ASK,3080.0,299
23:22:18,SP-FUTURE,ASK,3114.0,5
23:22:18,ESX-FUTURE,ASK,3080.0,1156
23:22:19,SP-FUTURE,BID,3114.0,1358
23:22:20,ESX-FUTURE,ASK,3080.0,926
23:22:20,SP-FUTURE,BID,3114.0,1049
23:22:21,ESX-FUTURE,BID,3079.0,651
23:22:21,SP-FUTURE,ASK,3114.0,74
23:22:22,ESX-FUTURE,BID,3079.0,74
23:22:22,ESX-FUTURE,ASK,3079.0,744
23:22:23,ESX-FUTURE,ASK,3079.0,157
23:22:23,SP-FUTURE,BID,3115.0,7
23:22:23,ESX-FUTURE,ASK,3079.0,774
23:22:24,SP-FUTURE,BID,3115.0,311
23:22:25,SP-FUTURE,BID,3115.0,183
23:22:25,ESX-FUTURE,BID,3079.0,10
23:22:26,SP-FUTURE,BID,3115.0,387
23:22:27,ESX-FUTURE,BID,3079.0,363
23:22:27,SP-FUTURE,ASK,3115.0,166
23:22:28,SP-FUTURE,BID,3115.0,65
23:22:28,ESX-FUTURE,BID,3079.0,182
23:22:29,ESX-FUTURE,BID,3079.0,526
23:22:29,SP-FUTURE,BID,3115.0,1816
23:22:30,ESX-FUTURE,ASK,3079.0,1196
23:22:30,SP-FUTURE,ASK,3116.0,15
23:22:31,ESX-FUTURE,BID,3079.0,351
23:22:31,SP-FUTURE,ASK,3116.0,170
23:22:32,ESX-FUTURE,ASK,3079.0,1154
23:22:33,SP-FUTURE,ASK,3116.0,1699
23:22:33,ESX-FUTURE,ASK,3079.0,486
23:22:34,ESX-FUTURE,ASK,3079.0,92
23:22:35,SP-FUTURE,BID,3116.0,261
23:22:35,SP-FUTURE,ASK,3116.0,356
23:22:36,ESX-FUTURE,ASK,3079.0,863
23:22:37,SP-FUTURE,BID,3116.0,501
23:22:37,ESX-FUTURE,ASK,3079.0,265
23:22:38,SP-FUTURE,ASK,3117.0,844
23:22:39,ESX-FUTURE,ASK,3079.0,1335
23:22:39,SP-FUTURE,BID,3117.0,62
23:22:40,ESX-FUTURE,ASK,3079.0,262
23:22:40,SP-FUTURE,BID,3117.0,24
23:22:41,ESX-FUTURE,BID,3079.0,47
23:22:41,SP-FUTURE,ASK,3117.0,1759
23:22:42,SP-FUTURE,BID,3117.0,172
23:22:42,ESX-FUTURE,ASK,3080.0,26
23:22:43,SP-FUTURE,BID,3117.0,112
23:22:44,SP-FUTURE,ASK,3117.0,551
23:22:44,ESX-FUTURE,ASK,3080.0,781
23:22:45,SP-FUTURE,BID,3117.0,172
23:22:45,SP-FUTURE,ASK,3117.0,1218
23:22:46,ESX-FUTURE,BID,3080.0,332
23:22:47,SP-FUTURE,ASK,3117.0,527
23:22:47,ESX-FUTURE,BID,3080.0,10
23:22:48,ESX-FUTURE,ASK,3081.0,2080
23:22:48,SP-FUTURE,BID,3119.0,398
23:22:49,ESX-FUTURE,ASK,3080.0,644
23:22:49,SP-FUTURE,ASK,3119.0,674
23:22:50,SP-FUTURE,ASK,3119.0,140
23:22:50,SP-FUTURE,ASK,3119.0,552
23:22:50,ESX-FUTURE,ASK,3081.0,605
23:22:51,ESX-FUTURE,BID,3080.0,381
23:22:52,SP-FUTURE,BID,3119.0,174
23:22:53,ESX-FUTURE,BID,3080.0,32
23:22:53,SP-FUTURE,ASK,3119.0,1094
23:22:54,SP-FUTURE,BID,3119.0,57
23:22:55,ESX-FUTURE,ASK,3081.0,608
23:22:55,ESX-FUTURE,ASK,3081.0,411
23:22:56,SP-FUTURE,BID,3120.0,93
23:22:56,SP-FUTURE,BID,3120.0,74
23:22:56,ESX-FUTURE,BID,3081.0,728
23:22:57,ESX-FUTURE,BID,3081.0,1016
23:22:57,ESX-FUTURE,ASK,3081.0,543
23:22:57,SP-FUTURE,ASK,3119.0,84
23:22:58,SP-FUTURE,ASK,3119.0,49
23:22:58,SP-FUTURE,BID,3118.0,548
23:22:58,ESX-FUTURE,ASK,3081.0,58
23:22:59,ESX-FUTURE,BID,3081.0,255
23:22:59,SP-FUTURE,BID,3118.0,762
23:23:01,SP-FUTURE,BID,3118.0,1202
23:23:01,ESX-FUTURE,ASK,3080.0,301
23:23:02,SP-FUTURE,ASK,3119.0,1143
23:23:02,ESX-FUTURE,ASK,3081.0,2072
23:23:02,SP-FUTURE,ASK,3121.0,1883
23:23:03,SP-FUTURE,ASK,3121.0,71
23:23:04,ESX-FUTURE,BID,3081.0,1750
23:23:04,SP-FUTURE,BID,3120.0,122
23:23:05,ESX-FUTURE,BID,3081.0,378
23:23:05,ESX-FUTURE,ASK,3081.0,357
23:23:05,SP-FUTURE,ASK,3120.0,771
23:23:06,SP-FUTURE,BID,3120.0,196
23:23:06,ESX-FUTURE,BID,3081.0,7
23:23:07,ESX-FUTURE,BID,3081.0,30
23:23:07,SP-FUTURE,BID,3120.0,1221
23:23:08,SP-FUTURE,BID,3120.0,32
23:23:08,ESX-FUTURE,BID,3080.0,585
23:23:08,SP-FUTURE,ASK,3120.0,1354
23:23:09,ESX-FUTURE,BID,3081.0,32
23:23:09,SP-FUTURE,BID,3119.0,479
23:23:10,ESX-FUTURE,BID,3081.0,301
23:23:10,ESX-FUTURE,ASK,3081.0,231
23:23:10,SP-FUTURE,ASK,3120.0,190
23:23:11,ESX-FUTURE,ASK,3081.0,1392
23:23:11,SP-FUTURE,ASK,3121.0,22
23:23:12,ESX-FUTURE,ASK,3081.0,1331
23:23:13,SP-FUTURE,ASK,3122.0,1160
23:23:13,ESX-FUTURE,BID,3082.0,688
23:23:14,ESX-FUTURE,ASK,3082.0,279
23:23:14,SP-FUTURE,ASK,3121.0,16
23:23:14,ESX-FUTURE,BID,3082.0,464
23:23:14,SP-FUTURE,BID,3121.0,285
23:23:15,SP-FUTURE,BID,3121.0,193
23:23:15,ESX-FUTURE,BID,3081.0,146
23:23:16,SP-FUTURE,BID,3121.0,35
23:23:16,SP-FUTURE,ASK,3121.0,219
23:23:17,SP-FUTURE,ASK,3121.0,672
23:23:17,ESX-FUTURE,BID,3082.0,26
23:23:17,ESX-FUTURE,BID,3082.0,36
23:23:18,SP-FUTURE,ASK,3121.0,851
23:23:18,SP-FUTURE,BID,3121.0,3
23:23:18,ESX-FUTURE,ASK,3082.0,488
23:23:19,SP-FUTURE,BID,3121.0,24
23:23:20,ESX-FUTURE,ASK,3082.0,553
23:23:20,SP-FUTURE,BID,3121.0,645
23:23:21,SP-FUTURE,BID,3121.0,28
23:23:21,ESX-FUTURE,ASK,3081.0,401
23:23:21,ESX-FUTURE,ASK,3081.0,123
23:23:22,SP-FUTURE,BID,3122.0,321
23:23:23,ESX-FUTURE,ASK,3081.0,731
23:23:24,ESX-FUTURE,ASK,3081.0,720
23:23:24,SP-FUTURE,ASK,3122.0,668
23:23:24,ESX-FUTURE,BID,3081.0,2393
23:23:25,SP-FUTURE,ASK,3119.0,258
23:23:26,SP-FUTURE,ASK,3119.0,249
23:23:26,ESX-FUTURE,BID,3081.0,603
23:23:27,SP-FUTURE,ASK,3119.0,654
23:23:27,ESX-FUTURE,BID,3081.0,242
23:23:28,SP-FUTURE,ASK,3119.0,99
23:23:28,ESX-FUTURE,BID,3081.0,808
23:23:29,SP-FUTURE,ASK,3119.0,2
23:23:29,ESX-FUTURE,BID,3081.0,1750
23:23:29,SP-FUTURE,ASK,3118.0,645
23:23:30,SP-FUTURE,ASK,3118.0,750
23:23:30,ESX-FUTURE,ASK,3082.0,169
23:23:31,SP-FUTURE,ASK,3118.0,1520
23:23:31,SP-FUTURE,ASK,3118.0,83
23:23:32,ESX-FUTURE,ASK,3083.0,1225
23:23:32,ESX-FUTURE,ASK,3083.0,399
23:23:32,ESX-FUTURE,BID,3082.0,404
23:23:32,SP-FUTURE,BID,3118.0,499
23:23:33,ESX-FUTURE,BID,3082.0,1047
23:23:34,SP-FUTURE,ASK,3118.0,2602
23:23:34,ESX-FUTURE,BID,3086.0,37
23:23:35,SP-FUTURE,ASK,3118.0,91
23:23:35,ESX-FUTURE,ASK,3086.0,378
23:23:35,SP-FUTURE,ASK,3118.0,1309
23:23:36,SP-FUTURE,ASK,3118.0,1484
23:23:37,ESX-FUTURE,ASK,3088.0,365
23:23:38,ESX-FUTURE,ASK,3088.0,553
23:23:38,SP-FUTURE,ASK,3118.0,1328
23:23:39,ESX-FUTURE,ASK,3090.0,192
23:23:39,ESX-FUTURE,ASK,3090.0,81
23:23:40,SP-FUTURE,ASK,3118.0,233
23:23:40,SP-FUTURE,BID,3118.0,2239
23:23:41,ESX-FUTURE,BID,3088.0,228
23:23:41,ESX-FUTURE,ASK,3088.0,66
23:23:42,SP-FUTURE,BID,3118.0,761
23:23:43,SP-FUTURE,BID,3118.0,63
23:23:43,ESX-FUTURE,ASK,3087.0,343
23:23:43,SP-FUTURE,ASK,3119.0,1402
23:23:44,ESX-FUTURE,ASK,3087.0,238
23:23:44,SP-FUTURE,BID,3118.0,330
23:23:45,ESX-FUTURE,BID,3087.0,185
23:23:45,SP-FUTURE,BID,3118.0,646
23:23:45,ESX-FUTURE,ASK,3087.0,726
23:23:47,SP-FUTURE,BID,3119.0,558
23:23:47,SP-FUTURE,BID,3119.0,259
23:23:48,ESX-FUTURE,BID,3087.0,385
23:23:48,SP-FUTURE,BID,3119.0,57
23:23:49,SP-FUTURE,ASK,3119.0,1234
23:23:49,ESX-FUTURE,BID,3087.0,76
23:23:49,SP-FUTURE,BID,3119.0,25
23:23:50,ESX-FUTURE,BID,3087.0,362
23:23:51,SP-FUTURE,ASK,3119.0,1092
23:23:51,ESX-FUTURE,ASK,3088.0,79
23:23:52,SP-FUTURE,BID,3118.0,859
23:23:52,ESX-FUTURE,ASK,3087.0,8
23:23:53,SP-FUTURE,ASK,3119.0,315
23:23:53,ESX-FUTURE,BID,3087.0,29
23:23:54,SP-FUTURE,ASK,3119.0,169
23:23:54,ESX-FUTURE,ASK,3087.0,1798
23:23:55,SP-FUTURE,ASK,3121.0,145
23:23:55,SP-FUTURE,BID,3120.0,321
23:23:56,ESX-FUTURE,BID,3087.0,423
23:23:56,SP-FUTURE,BID,3120.0,936
23:23:57,ESX-FUTURE,BID,3087.0,385
23:23:57,SP-FUTURE,ASK,3120.0,634
23:23:58,ESX-FUTURE,BID,3087.0,714
23:23:58,SP-FUTURE,BID,3120.0,763
23:23:58,ESX-FUTURE,ASK,3087.0,1121
23:23:59,SP-FUTURE,ASK,3121.0,1990
23:24:00,SP-FUTURE,BID,3120.0,727
23:24:00,ESX-FUTURE,ASK,3089.0,2510
23:24:00,ESX-FUTURE,ASK,3089.0,191
23:24:01,ESX-FUTURE,BID,3088.0,138
23:24:01,SP-FUTURE,BID,3124.0,137
23:24:02,ESX-FUTURE,ASK,3089.0,655
23:24:02,SP-FUTURE,BID,3124.0,346
23:24:02,ESX-FUTURE,ASK,3088.0,164
23:24:03,SP-FUTURE,BID,3124.0,325
23:24:03,ESX-FUTURE,BID,3088.0,1131
23:24:04,SP-FUTURE,ASK,3124.0,1633
23:24:04,ESX-FUTURE,ASK,3089.0,899
23:24:05,ESX-FUTURE,ASK,3089.0,545
23:24:05,SP-FUTURE,ASK,3124.0,196
23:24:06,ESX-FUTURE,ASK,3089.0,21
23:24:06,SP-FUTURE,ASK,3124.0,453
23:24:07,ESX-FUTURE,BID,3089.0,1240
23:24:07,ESX-FUTURE,ASK,3089.0,2
23:24:08,SP-FUTURE,BID,3124.0,849
23:24:08,ESX-FUTURE,ASK,3089.0,744
23:24:08,SP-FUTURE,BID,3124.0,324
23:24:09,ESX-FUTURE,BID,3088.0,313
23:24:10,ESX-FUTURE,ASK,3088.0,470
23:24:10,SP-FUTURE,ASK,3124.0,1288
23:24:10,ESX-FUTURE,ASK,3089.0,14
23:24:11,SP-FUTURE,BID,3124.0,83
23:24:11,SP-FUTURE,BID,3124.0,1036
23:24:11,ESX-FUTURE,ASK,3089.0,870
23:24:12,SP-FUTURE,ASK,3125.0,459
23:24:13,ESX-FUTURE,BID,3089.0,44
23:24:14,SP-FUTURE,ASK,3125.0,254
23:24:14,ESX-FUTURE,BID,3089.0,17
23:24:14,SP-FUTURE,BID,3124.0,574
23:24:16,SP-FUTURE,BID,3124.0,476
23:24:16,ESX-FUTURE,ASK,3089.0,1726
23:24:16,SP-FUTURE,BID,3126.0,14
23:24:17,ESX-FUTURE,ASK,3089.0,621
23:24:18,ESX-FUTURE,ASK,3089.0,29
23:24:18,SP-FUTURE,ASK,3126.0,99
23:24:19,ESX-FUTURE,BID,3088.0,854
23:24:19,SP-FUTURE,ASK,3126.0,160
23:24:20,SP-FUTURE,ASK,3126.0,437
23:24:20,SP-FUTURE,BID,3126.0,456
23:24:21,ESX-FUTURE,ASK,3089.0,182
23:24:21,SP-FUTURE,ASK,3126.0,197
23:24:22,ESX-FUTURE,BID,3088.0,1433
23:24:22,SP-FUTURE,BID,3126.0,43
23:24:23,ESX-FUTURE,ASK,3089.0,72
23:24:24,SP-FUTURE,BID,3126.0,196
23:24:24,ESX-FUTURE,BID,3088.0,189
23:24:25,ESX-FUTURE,BID,3088.0,1799
23:24:25,SP-FUTURE,BID,3123.0,678
23:24:26,ESX-FUTURE,ASK,3089.0,548
23:24:26,ESX-FUTURE,BID,3088.0,347
23:24:26,SP-FUTURE,BID,3124.0,6
23:24:27,ESX-FUTURE,ASK,3089.0,648
23:24:28,SP-FUTURE,ASK,3124.0,75
23:24:29,ESX-FUTURE,BID,3088.0,556
23:24:29,SP-FUTURE,ASK,3123.0,226
23:24:29,SP-FUTURE,BID,3123.0,209
23:24:30,ESX-FUTURE,BID,3088.0,235
23:24:30,SP-FUTURE,BID,3123.0,218
23:24:31,SP-FUTURE,BID,3123.0,326
23:24:31,ESX-FUTURE,BID,3088.0,123
23:24:32,SP-FUTURE,ASK,3123.0,971
23:24:32,ESX-FUTURE,ASK,3089.0,37
23:24:33,SP-FUTURE,BID,3123.0,263
23:24:33,SP-FUTURE,ASK,3123.0,1187
23:24:34,ESX-FUTURE,ASK,3090.0,1065
23:24:35,SP-FUTURE,ASK,3124.0,592
23:24:35,ESX-FUTURE,BID,3089.0,325
23:24:35,SP-FUTURE,ASK,3123.0,261
23:24:36,ESX-FUTURE,ASK,3090.0,47
23:24:36,SP-FUTURE,ASK,3123.0,17
23:24:37,ESX-FUTURE,ASK,3090.0,113
23:24:38,ESX-FUTURE,ASK,3090.0,33
23:24:38,SP-FUTURE,BID,3123.0,27
23:24:39,SP-FUTURE,ASK,3124.0,272
23:24:39,ESX-FUTURE,BID,3089.0,277
23:24:40,SP-FUTURE,BID,3123.0,621
23:24:40,ESX-FUTURE,BID,3089.0,181
23:24:40,SP-FUTURE,ASK,3123.0,6
23:24:42,SP-FUTURE,BID,3123.0,306
23:24:42,ESX-FUTURE,BID,3089.0,126
23:24:42,ESX-FUTURE,BID,3089.0,2767
23:24:43,SP-FUTURE,ASK,3120.0,188
23:24:43,ESX-FUTURE,BID,3090.0,3
23:24:44,ESX-FUTURE,BID,3090.0,94
23:24:44,SP-FUTURE,ASK,3120.0,601
23:24:45,SP-FUTURE,ASK,3120.0,460
23:24:46,ESX-FUTURE,ASK,3090.0,491
23:24:47,SP-FUTURE,BID,3120.0,38
23:24:47,ESX-FUTURE,ASK,3090.0,306
23:24:47,SP-FUTURE,BID,3120.0,587
23:24:48,SP-FUTURE,ASK,3121.0,26
23:24:48,ESX-FUTURE,BID,3090.0,177
23:24:49,SP-FUTURE,BID,3120.0,345
23:24:50,SP-FUTURE,ASK,3121.0,727
23:24:50,ESX-FUTURE,ASK,3090.0,411
23:24:51,ESX-FUTURE,ASK,3090.0,252
23:24:52,SP-FUTURE,ASK,3121.0,457
23:24:53,ESX-FUTURE,BID,3090.0,94
23:24:53,SP-FUTURE,BID,3120.0,934
23:24:53,ESX-FUTURE,BID,3089.0,489
23:24:53,ESX-FUTURE,ASK,3090.0,518
23:24:54,SP-FUTURE,BID,3121.0,501
23:24:55,ESX-FUTURE,BID,3089.0,333
23:24:56,SP-FUTURE,ASK,3121.0,56
23:24:56,ESX-FUTURE,BID,3089.0,577
23:24:57,SP-FUTURE,BID,3120.0,858
23:24:57,ESX-FUTURE,BID,3089.0,811
23:24:58,SP-FUTURE,BID,3120.0,1149
23:24:58,ESX-FUTURE,ASK,3088.0,500
23:24:59,ESX-FUTURE,BID,3088.0,549
23:24:59,SP-FUTURE,BID,3120.0,15
23:24:59,ESX-FUTURE,BID,3088.0,520
23:25:00,SP-FUTURE,ASK,3120.0,444
23:25:01,ESX-FUTURE,BID,3088.0,2371
23:25:01,SP-FUTURE,ASK,3120.0,398
23:25:01,ESX-FUTURE,BID,3088.0,423
23:25:02,SP-FUTURE,ASK,3120.0,1047
23:25:02,SP-FUTURE,ASK,3120.0,224
23:25:03,ESX-FUTURE,ASK,3089.0,940
23:25:03,SP-FUTURE,ASK,3120.0,97
23:25:03,SP-FUTURE,ASK,3120.0,46
23:25:04,ESX-FUTURE,BID,3089.0,1975
23:25:04,ESX-FUTURE,ASK,3089.0,255
23:25:04,SP-FUTURE,ASK,3119.0,102
23:25:05,SP-FUTURE,BID,3118.0,808
23:25:05,ESX-FUTURE,ASK,3089.0,66
23:25:06,ESX-FUTURE,ASK,3089.0,431
23:25:06,SP-FUTURE,BID,3119.0,667
23:25:07,SP-FUTURE,BID,3119.0,324
23:25:08,SP-FUTURE,ASK,3119.0,310
23:25:08,ESX-FUTURE,ASK,3089.0,705
23:25:09,ESX-FUTURE,BID,3088.0,251
23:25:09,ESX-FUTURE,ASK,3089.0,2527
23:25:10,SP-FUTURE,BID,3122.0,12
23:25:10,ESX-FUTURE,ASK,3089.0,1107
23:25:11,SP-FUTURE,ASK,3122.0,88
23:25:11,ESX-FUTURE,BID,3088.0,16
23:25:12,SP-FUTURE,BID,3122.0,492
23:25:12,SP-FUTURE,ASK,3122.0,146
23:25:13,ESX-FUTURE,ASK,3089.0,241
23:25:14,SP-FUTURE,BID,3122.0,7
23:25:15,SP-FUTURE,ASK,3123.0,270
23:25:15,ESX-FUTURE,BID,3088.0,84
23:25:15,ESX-FUTURE,ASK,3089.0,1845
23:25:16,SP-FUTURE,ASK,3124.0,195
23:25:16,ESX-FUTURE,BID,3088.0,573
23:25:17,ESX-FUTURE,ASK,3089.0,324
23:25:17,SP-FUTURE,ASK,3124.0,538
23:25:17,SP-FUTURE,ASK,3124.0,980
23:25:18,ESX-FUTURE,ASK,3089.0,1950
23:25:18,SP-FUTURE,BID,3124.0,527
23:25:19,SP-FUTURE,BID,3124.0,2591
23:25:19,ESX-FUTURE,ASK,3086.0,59
23:25:20,SP-FUTURE,ASK,3125.0,71
23:25:21,ESX-FUTURE,ASK,3086.0,553
23:25:21,ESX-FUTURE,ASK,3086.0,705
23:25:22,ESX-FUTURE,ASK,3086.0,1296
23:25:22,SP-FUTURE,ASK,3126.0,58
23:25:22,ESX-FUTURE,BID,3085.0,573
23:25:22,SP-FUTURE,BID,3125.0,479
23:25:23,SP-FUTURE,ASK,3126.0,79
23:25:24,ESX-FUTURE,BID,3085.0,414
23:25:25,SP-FUTURE,BID,3125.0,561
23:25:25,ESX-FUTURE,ASK,3085.0,1013
23:25:26,SP-FUTURE,BID,3125.0,368
23:25:26,SP-FUTURE,BID,3125.0,694
23:25:26,SP-FUTURE,BID,3125.0,405
23:25:27,ESX-FUTURE,BID,3085.0,473
23:25:27,SP-FUTURE,BID,3125.0,827
23:25:28,ESX-FUTURE,BID,3084.0,699
23:25:28,SP-FUTURE,ASK,3125.0,272
23:25:28,SP-FUTURE,BID,3125.0,61
23:25:28,SP-FUTURE,BID,3125.0,616
23:25:29,ESX-FUTURE,BID,3084.0,2456
23:25:30,SP-FUTURE,BID,3123.0,220
23:25:30,SP-FUTURE,ASK,3124.0,358
23:25:30,ESX-FUTURE,BID,3084.0,994
23:25:31,SP-FUTURE,BID,3123.0,631
23:25:32,ESX-FUTURE,ASK,3084.0,298
23:25:32,ESX-FUTURE,BID,3084.0,1505
23:25:32,SP-FUTURE,BID,3122.0,404
23:25:33,SP-FUTURE,ASK,3122.0,1082
23:25:33,ESX-FUTURE,BID,3084.0,793
23:25:34,ESX-FUTURE,ASK,3084.0,97
23:25:35,ESX-FUTURE,ASK,3084.0,543
23:25:35,ESX-FUTURE,BID,3084.0,851
23:25:35,SP-FUTURE,BID,3121.0,7
23:25:35,SP-FUTURE,ASK,3121.0,1937
23:25:36,ESX-FUTURE,ASK,3086.0,610
23:25:37,SP-FUTURE,BID,3121.0,603
23:25:38,ESX-FUTURE,ASK,3085.0,31
23:25:38,ESX-FUTURE,BID,3085.0,856
23:25:39,SP-FUTURE,BID,3121.0,413
23:25:40,SP-FUTURE,BID,3121.0,769
23:25:40,SP-FUTURE,BID,3121.0,901
23:25:40,ESX-FUTURE,ASK,3084.0,159
23:25:41,SP-FUTURE,ASK,3121.0,445
23:25:41,ESX-FUTURE,ASK,3085.0,21
23:25:42,ESX-FUTURE,BID,3084.0,64
23:25:42,SP-FUTURE,ASK,3121.0,373
23:25:43,ESX-FUTURE,BID,3085.0,693
23:25:44,SP-FUTURE,BID,3121.0,375
23:25:44,ESX-FUTURE,ASK,3085.0,935
23:25:45,SP-FUTURE,BID,3122.0,831
23:25:45,SP-FUTURE,BID,3122.0,1096
23:25:46,ESX-FUTURE,ASK,3084.0,319
23:25:47,SP-FUTURE,ASK,3122.0,73
23:25:47,ESX-FUTURE,BID,3084.0,92
23:25:47,SP-FUTURE,ASK,3122.0,10
23:25:47,ESX-FUTURE,ASK,3084.0,692
23:25:48,SP-FUTURE,ASK,3122.0,1358
23:25:49,ESX-FUTURE,BID,3085.0,1665
23:25:49,SP-FUTURE,ASK,3121.0,30
23:25:50,SP-FUTURE,ASK,3121.0,13
23:25:50,ESX-FUTURE,BID,3085.0,648
23:25:51,ESX-FUTURE,BID,3085.0,917
23:25:52,SP-FUTURE,BID,3121.0,434
23:25:52,ESX-FUTURE,ASK,3085.0,42
23:25:53,SP-FUTURE,ASK,3121.0,1349
23:25:53,ESX-FUTURE,BID,3086.0,2394
23:25:54,ESX-FUTURE,BID,3086.0,558
23:25:55,ESX-FUTURE,BID,3086.0,2039
23:25:56,SP-FUTURE,ASK,3116.0,328
23:25:57,ESX-FUTURE,BID,3086.0,115
23:25:57,SP-FUTURE,BID,3116.0,21
23:25:58,ESX-FUTURE,ASK,3086.0,1469
23:25:58,SP-FUTURE,ASK,3117.0,387
23:25:58,ESX-FUTURE,ASK,3086.0,126
23:25:59,SP-FUTURE,BID,3116.0,320
23:25:59,SP-FUTURE,ASK,3117.0,149
23:25:59,ESX-FUTURE,BID,3086.0,1496
23:26:00,ESX-FUTURE,ASK,3086.0,851
23:26:01,SP-FUTURE,ASK,3116.0,125
23:26:01,ESX-FUTURE,BID,3086.0,348
23:26:01,SP-FUTURE,ASK,3116.0,36
23:26:02,SP-FUTURE,BID,3116.0,96
23:26:03,ESX-FUTURE,ASK,3086.0,94
23:26:03,ESX-FUTURE,ASK,3086.0,176
23:26:04,SP-FUTURE,ASK,3116.0,19
23:26:04,ESX-FUTURE,BID,3086.0,1213
23:26:05,ESX-FUTURE,ASK,3086.0,346
23:26:06,SP-FUTURE,ASK,3116.0,593
23:26:07,ESX-FUTURE,ASK,3086.0,154
23:26:07,SP-FUTURE,ASK,3116.0,1127
23:26:08,ESX-FUTURE,BID,3087.0,28
23:26:09,ESX-FUTURE,ASK,3087.0,212
23:26:09,SP-FUTURE,ASK,3116.0,1347
23:26:10,ESX-FUTURE,ASK,3088.0,2351
23:26:10,SP-FUTURE,ASK,3119.0,146
23:26:11,SP-FUTURE,BID,3119.0,16
23:26:12,ESX-FUTURE,BID,3088.0,127
23:26:12,ESX-FUTURE,ASK,3088.0,667
23:26:14,SP-FUTURE,ASK,3120.0,985
23:26:14,ESX-FUTURE,ASK,3088.0,1532
23:26:14,SP-FUTURE,BID,3120.0,187
23:26:14,SP-FUTURE,ASK,3120.0,528
23:26:15,SP-FUTURE,BID,3120.0,334
23:26:15,ESX-FUTURE,BID,3088.0,1528
23:26:16,SP-FUTURE,BID,3120.0,346
23:26:16,ESX-FUTURE,BID,3088.0,1313
23:26:16,SP-FUTURE,ASK,3119.0,1306
23:26:16,SP-FUTURE,BID,3118.0,312
23:26:17,ESX-FUTURE,BID,3089.0,1130
23:26:18,ESX-FUTURE,ASK,3089.0,845
23:26:18,SP-FUTURE,ASK,3118.0,390
23:26:19,ESX-FUTURE,ASK,3089.0,2335
23:26:19,SP-FUTURE,BID,3119.0,54
23:26:19,ESX-FUTURE,BID,3089.0,10
23:26:20,SP-FUTURE,BID,3119.0,137
23:26:20,SP-FUTURE,ASK,3120.0,1459
23:26:20,ESX-FUTURE,ASK,3089.0,84
23:26:21,SP-FUTURE,BID,3119.0,144
23:26:21,SP-FUTURE,BID,3119.0,247
23:26:21,ESX-FUTURE,BID,3089.0,1223
23:26:23,SP-FUTURE,ASK,3118.0,43
23:26:23,ESX-FUTURE,BID,3089.0,958
23:26:24,ESX-FUTURE,BID,3089.0,517
23:26:24,ESX-FUTURE,BID,3089.0,751
23:26:24,ESX-FUTURE,BID,3089.0,472
23:26:25,SP-FUTURE,ASK,3117.0,425
23:26:25,ESX-FUTURE,BID,3089.0,650
23:26:26,SP-FUTURE,ASK,3117.0,46
23:26:27,SP-FUTURE,BID,3116.0,224
23:26:27,ESX-FUTURE,ASK,3090.0,2898
23:26:27,SP-FUTURE,BID,3118.0,924
23:26:28,ESX-FUTURE,ASK,3089.0,1864
23:26:28,SP-FUTURE,BID,3120.0,919
23:26:29,ESX-FUTURE,BID,3088.0,1393
23:26:29,SP-FUTURE,ASK,3120.0,158
23:26:30,SP-FUTURE,BID,3119.0,659
23:26:30,ESX-FUTURE,BID,3088.0,1652
23:26:30,SP-FUTURE,BID,3119.0,1
23:26:31,SP-FUTURE,BID,3119.0,2
23:26:32,ESX-FUTURE,ASK,3089.0,174
23:26:32,ESX-FUTURE,BID,3088.0,404
23:26:32,SP-FUTURE,ASK,3119.0,32
23:26:34,ESX-FUTURE,BID,3088.0,215
23:26:34,SP-FUTURE,ASK,3119.0,37
23:26:35,ESX-FUTURE,ASK,3089.0,262
23:26:36,SP-FUTURE,BID,3119.0,79
23:26:36,ESX-FUTURE,BID,3088.0,1132
23:26:36,SP-FUTURE,BID,3118.0,759
23:26:37,SP-FUTURE,ASK,3118.0,409
23:26:37,ESX-FUTURE,BID,3088.0,197
23:26:37,ESX-FUTURE,ASK,3089.0,357
23:26:38,SP-FUTURE,ASK,3118.0,1344
23:26:40,ESX-FUTURE,BID,3090.0,5
23:26:40,SP-FUTURE,ASK,3118.0,333
23:26:40,ESX-FUTURE,ASK,3090.0,1893
23:26:40,ESX-FUTURE,BID,3090.0,20
23:26:41,ESX-FUTURE,BID,3090.0,266
23:26:41,SP-FUTURE,BID,3120.0,106
23:26:42,SP-FUTURE,BID,3120.0,1526
23:26:42,ESX-FUTURE,BID,3089.0,141
23:26:43,SP-FUTURE,ASK,3120.0,644
23:26:43,ESX-FUTURE,BID,3090.0,12
23:26:43,SP-FUTURE,ASK,3120.0,131
23:26:44,ESX-FUTURE,ASK,3090.0,971
23:26:45,SP-FUTURE,ASK,3121.0,7
23:26:45,ESX-FUTURE,ASK,3090.0,495
23:26:46,SP-FUTURE,BID,3120.0,691
23:26:46,ESX-FUTURE,BID,3090.0,1956
23:26:47,ESX-FUTURE,ASK,3090.0,354
23:26:47,SP-FUTURE,ASK,3119.0,1432
23:26:48,SP-FUTURE,BID,3118.0,17
23:26:48,ESX-FUTURE,ASK,3090.0,685
23:26:49,SP-FUTURE,BID,3118.0,66
23:26:49,ESX-FUTURE,BID,3090.0,784
23:26:51,SP-FUTURE,ASK,3119.0,64
23:26:51,ESX-FUTURE,BID,3090.0,3
23:26:52,SP-FUTURE,ASK,3119.0,281
23:26:52,ESX-FUTURE,BID,3090.0,158
23:26:53,ESX-FUTURE,BID,3090.0,13
23:26:53,SP-FUTURE,BID,3118.0,564
23:26:54,ESX-FUTURE,ASK,3090.0,1122
23:26:54,SP-FUTURE,ASK,3119.0,294
23:26:55,ESX-FUTURE,ASK,3090.0,820
23:26:56,ESX-FUTURE,ASK,3090.0,268
23:26:56,SP-FUTURE,BID,3119.0,59
23:26:57,ESX-FUTURE,ASK,3090.0,812
23:26:58,SP-FUTURE,BID,3119.0,33
23:26:58,ESX-FUTURE,ASK,3090.0,524
23:26:58,SP-FUTURE,ASK,3120.0,137
23:26:59,SP-FUTURE,ASK,3120.0,688
23:26:59,ESX-FUTURE,BID,3090.0,1959
23:27:00,SP-FUTURE,BID,3119.0,103
23:27:00,ESX-FUTURE,ASK,3091.0,131
23:27:01,SP-FUTURE,BID,3119.0,276
23:27:02,ESX-FUTURE,ASK,3091.0,190
23:27:02,SP-FUTURE,ASK,3119.0,231
23:27:03,SP-FUTURE,ASK,3119.0,476
23:27:03,ESX-FUTURE,BID,3091.0,1371
23:27:04,SP-FUTURE,BID,3118.0,707
23:27:05,ESX-FUTURE,ASK,3091.0,907
23:27:05,ESX-FUTURE,BID,3090.0,588
23:27:05,SP-FUTURE,BID,3118.0,14
23:27:06,SP-FUTURE,BID,3118.0,10
23:27:06,ESX-FUTURE,ASK,3091.0,386
23:27:07,SP-FUTURE,BID,3118.0,113
23:27:08,ESX-FUTURE,BID,3090.0,140
23:27:09,ESX-FUTURE,BID,3090.0,335
23:27:09,SP-FUTURE,BID,3118.0,2012
23:27:10,ESX-FUTURE,ASK,3088.0,592
23:27:11,ESX-FUTURE,ASK,3088.0,922
23:27:11,SP-FUTURE,BID,3119.0,41
23:27:12,SP-FUTURE,BID,3119.0,114
23:27:12,ESX-FUTURE,ASK,3088.0,1385
23:27:13,ESX-FUTURE,ASK,3088.0,822
23:27:13,ESX-FUTURE,ASK,3088.0,1124
23:27:13,SP-FUTURE,ASK,3119.0,307
23:27:14,ESX-FUTURE,ASK,3088.0,255
23:27:15,ESX-FUTURE,BID,3088.0,88
23:27:15,ESX-FUTURE,BID,3088.0,945
23:27:16,SP-FUTURE,BID,3118.0,302
23:27:16,ESX-FUTURE,BID,3088.0,2492
23:27:17,SP-FUTURE,BID,3116.0,258
23:27:17,ESX-FUTURE,BID,3088.0,1269
23:27:18,ESX-FUTURE,ASK,3088.0,242
23:27:18,SP-FUTURE,ASK,3116.0,75
23:27:19,ESX-FUTURE,ASK,3088.0,642
23:27:19,ESX-FUTURE,BID,3088.0,451
23:27:20,SP-FUTURE,BID,3116.0,198
23:27:20,ESX-FUTURE,BID,3088.0,328
23:27:20,SP-FUTURE,BID,3115.0,797
23:27:21,ESX-FUTURE,BID,3087.0,1003
23:27:22,ESX-FUTURE,BID,3087.0,1038
23:27:22,SP-FUTURE,BID,3115.0,1335
23:27:23,ESX-FUTURE,BID,3087.0,985
23:27:24,SP-FUTURE,BID,3115.0,698
23:27:24,SP-FUTURE,ASK,3115.0,346
23:27:25,ESX-FUTURE,BID,3087.0,74
23:27:26,SP-FUTURE,BID,3115.0,1100
23:27:26,ESX-FUTURE,BID,3087.0,188
23:27:26,ESX-FUTURE,ASK,3087.0,1673
23:27:27,SP-FUTURE,ASK,3116.0,32
23:27:27,ESX-FUTURE,BID,3087.0,227
23:27:28,SP-FUTURE,ASK,3116.0,21
23:27:28,ESX-FUTURE,ASK,3087.0,92
23:27:29,ESX-FUTURE,BID,3087.0,220
23:27:29,SP-FUTURE,ASK,3116.0,1195
23:27:30,ESX-FUTURE,BID,3087.0,141
23:27:30,SP-FUTURE,ASK,3116.0,11
23:27:30,SP-FUTURE,ASK,3116.0,310
23:27:31,SP-FUTURE,BID,3116.0,789
23:27:31,ESX-FUTURE,BID,3087.0,643
23:27:32,ESX-FUTURE,ASK,3087.0,133
23:27:32,SP-FUTURE,BID,3116.0,90
23:27:33,SP-FUTURE,ASK,3116.0,917
23:27:34,ESX-FUTURE,BID,3087.0,2021
23:27:34,ESX-FUTURE,ASK,3087.0,167
23:27:34,SP-FUTURE,ASK,3114.0,112
23:27:35,ESX-FUTURE,ASK,3087.0,367
23:27:35,SP-FUTURE,ASK,3114.0,903
23:27:35,SP-FUTURE,ASK,3114.0,1164
23:27:36,ESX-FUTURE,ASK,3089.0,40
23:27:37,ESX-FUTURE,ASK,3089.0,67
23:27:37,SP-FUTURE,BID,3114.0,935
23:27:38,SP-FUTURE,BID,3114.0,451
23:27:39,SP-FUTURE,BID,3114.0,372
23:27:39,ESX-FUTURE,BID,3088.0,132
23:27:40,ESX-FUTURE,BID,3088.0,104
23:27:40,SP-FUTURE,ASK,3114.0,130
23:27:40,SP-FUTURE,BID,3114.0,521
23:27:41,ESX-FUTURE,BID,3088.0,107
23:27:42,ESX-FUTURE,BID,3088.0,118
23:27:42,SP-FUTURE,ASK,3114.0,1321
23:27:43,ESX-FUTURE,ASK,3088.0,24
23:27:43,SP-FUTURE,ASK,3114.0,443
23:27:43,SP-FUTURE,ASK,3114.0,656
23:27:44,ESX-FUTURE,BID,3088.0,162
23:27:44,SP-FUTURE,ASK,3114.0,2551
23:27:45,ESX-FUTURE,ASK,3092.0,543
23:27:45,SP-FUTURE,BID,3114.0,2
23:27:46,SP-FUTURE,BID,3114.0,2
23:27:46,ESX-FUTURE,BID,3091.0,180
23:27:47,ESX-FUTURE,ASK,3092.0,522
23:27:47,SP-FUTURE,ASK,3114.0,58
23:27:48,SP-FUTURE,BID,3114.0,91
23:27:49,ESX-FUTURE,ASK,3092.0,401
23:27:49,SP-FUTURE,BID,3114.0,234
23:27:49,ESX-FUTURE,ASK,3092.0,208
23:27:50,ESX-FUTURE,BID,3091.0,1462
23:27:50,SP-FUTURE,ASK,3113.0,34
23:27:51,SP-FUTURE,BID,3113.0,1701
23:27:51,ESX-FUTURE,BID,3090.0,26
23:27:52,SP-FUTURE,ASK,3113.0,522
23:27:52,SP-FUTURE,BID,3113.0,2163
23:27:52,ESX-FUTURE,BID,3088.0,210
23:27:52,SP-FUTURE,BID,3113.0,996
23:27:54,SP-FUTURE,ASK,3113.0,199
23:27:54,ESX-FUTURE,ASK,3087.0,498
23:27:55,ESX-FUTURE,ASK,3087.0,1653
23:27:55,SP-FUTURE,ASK,3115.0,497
23:27:56,ESX-FUTURE,BID,3087.0,1397
23:27:56,SP-FUTURE,BID,3114.0,1144
23:27:56,ESX-FUTURE,BID,3087.0,1927
23:27:57,ESX-FUTURE,ASK,3087.0,196
23:27:58,SP-FUTURE,ASK,3113.0,330
23:27:58,SP-FUTURE,BID,3113.0,786
23:27:58,ESX-FUTURE,ASK,3087.0,57
23:27:58,ESX-FUTURE,BID,3087.0,267
23:27:58,SP-FUTURE,ASK,3113.0,23
23:28:00,ESX-FUTURE,BID,3087.0,78
23:28:01,SP-FUTURE,BID,3113.0,164
23:28:01,SP-FUTURE,ASK,3113.0,425
23:28:01,ESX-FUTURE,ASK,3087.0,180
23:28:02,ESX-FUTURE,BID,3087.0,726
23:28:03,ESX-FUTURE,BID,3087.0,1156
23:28:03,SP-FUTURE,BID,3112.0,902
23:28:03,SP-FUTURE,ASK,3113.0,184
23:28:04,SP-FUTURE,BID,3112.0,1284
23:28:04,ESX-FUTURE,BID,3086.0,85
23:28:04,SP-FUTURE,BID,3112.0,365
23:28:05,SP-FUTURE,ASK,3113.0,23
23:28:06,ESX-FUTURE,ASK,3086.0,417
23:28:06,ESX-FUTURE,BID,3086.0,2541
23:28:07,SP-FUTURE,ASK,3109.0,107
23:28:07,ESX-FUTURE,BID,3086.0,1569
23:28:08,ESX-FUTURE,BID,3086.0,1020
23:28:08,SP-FUTURE,BID,3109.0,87
23:28:09,SP-FUTURE,ASK,3109.0,373
23:28:09,ESX-FUTURE,ASK,3086.0,1930
23:28:11,SP-FUTURE,ASK,3112.0,687
23:28:11,SP-FUTURE,ASK,3112.0,309
23:28:11,ESX-FUTURE,ASK,3087.0,1012
23:28:11,SP-FUTURE,ASK,3112.0,115
23:28:13,ESX-FUTURE,BID,3086.0,65
23:28:13,SP-FUTURE,ASK,3112.0,214
23:28:14,ESX-FUTURE,ASK,3087.0,836
23:28:15,SP-FUTURE,BID,3112.0,1467
23:28:15,ESX-FUTURE,ASK,3086.0,1364
23:28:16,ESX-FUTURE,BID,3086.0,211
23:28:16,ESX-FUTURE,BID,3086.0,476
23:28:16,SP-FUTURE,ASK,3112.0,966
23:28:17,SP-FUTURE,BID,3112.0,75
23:28:17,ESX-FUTURE,BID,3086.0,599
23:28:17,ESX-FUTURE,BID,3086.0,703
23:28:17,SP-FUTURE,BID,3112.0,602
23:28:18,SP-FUTURE,BID,3112.0,285
23:28:18,ESX-FUTURE,BID,3086.0,15
23:28:19,SP-FUTURE,ASK,3112.0,863
23:28:19,ESX-FUTURE,BID,3086.0,1366
23:28:20,SP-FUTURE,ASK,3112.0,200
23:28:20,ESX-FUTURE,ASK,3087.0,139
23:28:21,SP-FUTURE,BID,3111.0,341
23:28:21,ESX-FUTURE,BID,3086.0,481
23:28:22,SP-FUTURE,BID,3111.0,381
23:28:22,ESX-FUTURE,BID,3086.0,984
23:28:24,SP-FUTURE,ASK,3111.0,395
23:28:24,SP-FUTURE,ASK,3111.0,448
23:28:24,ESX-FUTURE,BID,3086.0,833
23:28:24,ESX-FUTURE,BID,3086.0,1395
23:28:25,ESX-FUTURE,ASK,3087.0,99
23:28:25,SP-FUTURE,ASK,3110.0,270
23:28:25,ESX-FUTURE,BID,3087.0,43
23:28:25,SP-FUTURE,BID,3110.0,257
23:28:26,SP-FUTURE,ASK,3110.0,190
23:28:26,ESX-FUTURE,BID,3087.0,35
23:28:27,SP-FUTURE,ASK,3110.0,385
23:28:27,ESX-FUTURE,BID,3087.0,494
23:28:28,SP-FUTURE,ASK,3110.0,72
23:28:28,ESX-FUTURE,BID,3087.0,518
23:28:28,SP-FUTURE,ASK,3110.0,1027
23:28:29,SP-FUTURE,BID,3110.0,262
23:28:29,ESX-FUTURE,BID,3087.0,285
23:28:29,SP-FUTURE,ASK,3110.0,769
23:28:30,ESX-FUTURE,ASK,3087.0,236
23:28:30,SP-FUTURE,ASK,3110.0,1184
23:28:31,SP-FUTURE,BID,3110.0,236
23:28:32,ESX-FUTURE,BID,3088.0,330
23:28:32,SP-FUTURE,BID,3109.0,1048
23:28:33,ESX-FUTURE,BID,3087.0,2643
23:28:33,SP-FUTURE,ASK,3107.0,170
23:28:33,ESX-FUTURE,ASK,3088.0,2322
23:28:34,ESX-FUTURE,BID,3087.0,12
23:28:34,SP-FUTURE,ASK,3107.0,735
23:28:35,ESX-FUTURE,BID,3087.0,515
23:28:36,SP-FUTURE,BID,3107.0,33
23:28:37,ESX-FUTURE,ASK,3088.0,65
23:28:37,SP-FUTURE,ASK,3107.0,757
23:28:38,SP-FUTURE,ASK,3107.0,1262
23:28:39,SP-FUTURE,BID,3107.0,55
23:28:39,ESX-FUTURE,BID,3088.0,1861
23:28:41,ESX-FUTURE,BID,3088.0,2642
23:28:41,SP-FUTURE,BID,3103.0,298
23:28:42,ESX-FUTURE,BID,3088.0,1113
23:28:42,SP-FUTURE,ASK,3102.0,713
23:28:43,SP-FUTURE,ASK,3102.0,639
23:28:43,ESX-FUTURE,BID,3088.0,644
23:28:44,ESX-FUTURE,BID,3088.0,172
23:28:44,SP-FUTURE,ASK,3102.0,883
23:28:46,ESX-FUTURE,ASK,3088.0,266
23:28:46,SP-FUTURE,BID,3101.0,69
23:28:47,ESX-FUTURE,ASK,3088.0,373
23:28:47,SP-FUTURE,ASK,3102.0,1491
23:28:48,ESX-FUTURE,BID,3089.0,138
23:28:49,SP-FUTURE,BID,3101.0,10
23:28:50,ESX-FUTURE,BID,3089.0,22
23:28:50,SP-FUTURE,ASK,3102.0,30
23:28:50,ESX-FUTURE,BID,3089.0,102
23:28:51,SP-FUTURE,ASK,3102.0,77
23:28:52,ESX-FUTURE,ASK,3089.0,1423
23:28:53,SP-FUTURE,BID,3102.0,996
23:28:53,ESX-FUTURE,ASK,3088.0,630
23:28:53,ESX-FUTURE,BID,3088.0,1049
23:28:53,SP-FUTURE,ASK,3102.0,2535
23:28:55,SP-FUTURE,ASK,3102.0,1232
23:28:55,ESX-FUTURE,ASK,3092.0,72
23:28:56,ESX-FUTURE,BID,3092.0,2339
23:28:56,SP-FUTURE,ASK,3099.0,901
23:28:57,ESX-FUTURE,BID,3092.0,78
23:28:58,SP-FUTURE,ASK,3099.0,444
23:28:58,ESX-FUTURE,ASK,3092.0,982
23:28:58,SP-FUTURE,ASK,3099.0,569
23:28:59,ESX-FUTURE,ASK,3092.0,621
23:28:59,SP-FUTURE,BID,3099.0,588
23:29:00,ESX-FUTURE,BID,3092.0,535
23:29:01,SP-FUTURE,ASK,3099.0,888
23:29:02,ESX-FUTURE,ASK,3092.0,186
23:29:02,ESX-FUTURE,ASK,3092.0,151
23:29:02,SP-FUTURE,ASK,3099.0,158
23:29:03,SP-FUTURE,BID,3099.0,651
23:29:03,ESX-FUTURE,BID,3092.0,667
23:29:04,SP-FUTURE,ASK,3099.0,264
23:29:04,SP-FUTURE,BID,3099.0,1987
23:29:04,ESX-FUTURE,BID,3091.0,13
23:29:05,ESX-FUTURE,BID,3091.0,25
23:29:06,SP-FUTURE,ASK,3099.0,94
23:29:06,ESX-FUTURE,ASK,3091.0,742
23:29:06,ESX-FUTURE,BID,3091.0,333
23:29:06,SP-FUTURE,BID,3099.0,557
23:29:07,ESX-FUTURE,ASK,3091.0,32
23:29:07,SP-FUTURE,ASK,3099.0,282
23:29:08,SP-FUTURE,BID,3099.0,19
23:29:08,ESX-FUTURE,BID,3091.0,459
23:29:08,ESX-FUTURE,ASK,3091.0,97
23:29:08,SP-FUTURE,ASK,3099.0,362
23:29:09,ESX-FUTURE,ASK,3091.0,100
23:29:10,ESX-FUTURE,BID,3091.0,155
23:29:10,SP-FUTURE,ASK,3099.0,2387
23:29:11,ESX-FUTURE,ASK,3094.0,267
23:29:11,ESX-FUTURE,BID,3094.0,378
23:29:11,SP-FUTURE,BID,3099.0,63
23:29:12,ESX-FUTURE,BID,3094.0,765
23:29:12,SP-FUTURE,BID,3098.0,26
23:29:13,ESX-FUTURE,BID,3094.0,1548
23:29:13,SP-FUTURE,BID,3097.0,221
23:29:13,SP-FUTURE,ASK,3097.0,50
23:29:14,ESX-FUTURE,ASK,3094.0,236
23:29:15,SP-FUTURE,ASK,3097.0,409
23:29:15,ESX-FUTURE,ASK,3094.0,1145
23:29:15,ESX-FUTURE,BID,3094.0,974
23:29:16,SP-FUTURE,BID,3097.0,377
23:29:16,ESX-FUTURE,ASK,3094.0,410
23:29:16,SP-FUTURE,BID,3097.0,2421
23:29:17,ESX-FUTURE,BID,3093.0,614
23:29:17,ESX-FUTURE,BID,3093.0,1168
23:29:17,SP-FUTURE,ASK,3097.0,344
23:29:17,SP-FUTURE,ASK,3097.0,2234
23:29:18,ESX-FUTURE,BID,3093.0,1360
23:29:19,SP-FUTURE,ASK,3096.0,4
23:29:19,ESX-FUTURE,BID,3093.0,282
23:29:21,SP-FUTURE,ASK,3096.0,37
23:29:21,ESX-FUTURE,BID,3093.0,2108
23:29:21,ESX-FUTURE,BID,3093.0,2364
23:29:21,SP-FUTURE,BID,3092.0,671
23:29:22,SP-FUTURE,ASK,3092.0,346
23:29:23,SP-FUTURE,ASK,3092.0,867
23:29:23,ESX-FUTURE,ASK,3094.0,1288
23:29:23,SP-FUTURE,ASK,3093.0,7
23:29:24,ESX-FUTURE,BID,3094.0,1028
23:29:24,SP-FUTURE,ASK,3093.0,27
23:29:25,SP-FUTURE,BID,3092.0,155
23:29:25,ESX-FUTURE,ASK,3094.0,1417
23:29:26,ESX-FUTURE,ASK,3094.0,155
23:29:26,SP-FUTURE,ASK,3094.0,89
23:29:27,SP-FUTURE,BID,3093.0,91
23:29:27,ESX-FUTURE,ASK,3094.0,873
23:29:27,SP-FUTURE,BID,3094.0,1696
23:29:28,ESX-FUTURE,ASK,3093.0,701
23:29:28,SP-FUTURE,ASK,3095.0,1581
23:29:30,SP-FUTURE,ASK,3095.0,375
23:29:30,ESX-FUTURE,ASK,3094.0,1269
23:29:31,SP-FUTURE,ASK,3095.0,545
23:29:31,SP-FUTURE,ASK,3095.0,1380
23:29:31,ESX-FUTURE,ASK,3095.0,24
23:29:32,SP-FUTURE,ASK,3095.0,719
23:29:32,ESX-FUTURE,BID,3095.0,1492
23:29:33,SP-FUTURE,BID,3093.0,160
23:29:34,SP-FUTURE,BID,3093.0,296
23:29:34,ESX-FUTURE,BID,3094.0,1151
23:29:35,SP-FUTURE,BID,3093.0,169
23:29:35,ESX-FUTURE,BID,3094.0,785
23:29:35,ESX-FUTURE,BID,3094.0,671
23:29:35,SP-FUTURE,ASK,3092.0,802
23:29:36,SP-FUTURE,BID,3092.0,132
23:29:37,ESX-FUTURE,BID,3094.0,645
23:29:37,SP-FUTURE,ASK,3092.0,150
23:29:38,ESX-FUTURE,BID,3094.0,22
23:29:39,ESX-FUTURE,BID,3094.0,445
23:29:39,SP-FUTURE,BID,3092.0,2013
23:29:40,ESX-FUTURE,BID,3094.0,2554
23:29:41,SP-FUTURE,ASK,3089.0,98
23:29:41,ESX-FUTURE,BID,3094.0,1125
23:29:41,ESX-FUTURE,ASK,3094.0,20
23:29:41,SP-FUTURE,ASK,3089.0,157
23:29:42,ESX-FUTURE,BID,3094.0,189
23:29:42,SP-FUTURE,BID,3089.0,697
23:29:44,ESX-FUTURE,BID,3094.0,2125
23:29:44,ESX-FUTURE,BID,3094.0,371
23:29:44,SP-FUTURE,ASK,3087.0,1140
23:29:45,SP-FUTURE,ASK,3087.0,1140
23:29:45,SP-FUTURE,BID,3087.0,1335
23:29:45,ESX-FUTURE,BID,3095.0,336
23:29:46,SP-FUTURE,ASK,3087.0,735
23:29:46,ESX-FUTURE,BID,3095.0,537
23:29:47,SP-FUTURE,ASK,3087.0,124
23:29:48,ESX-FUTURE,ASK,3095.0,690
23:29:48,SP-FUTURE,BID,3087.0,76
23:29:49,SP-FUTURE,BID,3087.0,135
23:29:49,ESX-FUTURE,BID,3095.0,492
23:29:49,SP-FUTURE,BID,3086.0,247
23:29:50,SP-FUTURE,BID,3086.0,23
23:29:50,ESX-FUTURE,ASK,3095.0,1674
23:29:51,SP-FUTURE,ASK,3087.0,94
23:29:52,ESX-FUTURE,ASK,3095.0,713
23:29:52,SP-FUTURE,BID,3087.0,443
23:29:53,SP-FUTURE,ASK,3088.0,526
23:29:53,ESX-FUTURE,ASK,3095.0,101
23:29:54,SP-FUTURE,BID,3087.0,755
23:29:55,ESX-FUTURE,BID,3095.0,133
23:29:55,SP-FUTURE,BID,3087.0,1165
23:29:55,SP-FUTURE,BID,3087.0,208
23:29:55,ESX-FUTURE,ASK,3094.0,83
23:29:57,SP-FUTURE,BID,3087.0,1100
23:29:57,ESX-FUTURE,ASK,3094.0,404
23:29:57,SP-FUTURE,BID,3088.0,527
23:29:57,ESX-FUTURE,BID,3093.0,1039
23:29:58,ESX-FUTURE,BID,3093.0,2606
23:29:58,SP-FUTURE,BID,3084.0,1021
23:29:59,SP-FUTURE,BID,3084.0,1205
23:30:00,ESX-FUTURE,BID,3092.0,1258
23:30:01,SP-FUTURE,BID,3083.0,940
23:30:01,ESX-FUTURE,ASK,3092.0,152
23:30:02,ESX-FUTURE,BID,3091.0,2394
23:30:03,ESX-FUTURE,ASK,3092.0,400
23:30:03,SP-FUTURE,BID,3081.0,22
23:30:04,SP-FUTURE,ASK,3081.0,2617
23:30:04,SP-FUTURE,BID,3081.0,62
23:30:04,ESX-FUTURE,ASK,3095.0,234
23:30:05,ESX-FUTURE,ASK,3095.0,323
23:30:05,ESX-FUTURE,BID,3095.0,543
23:30:06,ESX-FUTURE,ASK,3095.0,759
23:30:06,SP-FUTURE,ASK,3081.0,1036
23:30:07,ESX-FUTURE,BID,3095.0,5
23:30:07,SP-FUTURE,BID,3081.0,46
23:30:08,ESX-FUTURE,ASK,3095.0,25
23:30:08,SP-FUTURE,ASK,3081.0,1249
23:30:08,ESX-FUTURE,ASK,3096.0,510
23:30:10,ESX-FUTURE,ASK,3096.0,485
23:30:10,SP-FUTURE,BID,3082.0,43
23:30:11,SP-FUTURE,BID,3082.0,40
23:30:12,ESX-FUTURE,ASK,3096.0,259
23:30:12,SP-FUTURE,BID,3082.0,523
23:30:12,SP-FUTURE,BID,3082.0,118
23:30:13,SP-FUTURE,BID,3082.0,245
23:30:13,ESX-FUTURE,BID,3095.0,61
23:30:14,SP-FUTURE,ASK,3082.0,277
23:30:15,ESX-FUTURE,ASK,3095.0,159
23:30:15,SP-FUTURE,BID,3082.0,392
23:30:15,SP-FUTURE,BID,3082.0,388
23:30:16,ESX-FUTURE,BID,3095.0,234
23:30:16,ESX-FUTURE,ASK,3095.0,134
23:30:16,SP-FUTURE,ASK,3082.0,1381
23:30:17,SP-FUTURE,BID,3082.0,154
23:30:17,ESX-FUTURE,BID,3095.0,1287
23:30:18,ESX-FUTURE,BID,3095.0,615
23:30:19,SP-FUTURE,BID,3080.0,24
23:30:19,SP-FUTURE,ASK,3081.0,561
23:30:19,ESX-FUTURE,BID,3095.0,1121
23:30:21,ESX-FUTURE,BID,3095.0,1315
23:30:21,SP-FUTURE,BID,3079.0,628
23:30:21,ESX-FUTURE,BID,3095.0,1416
23:30:22,ESX-FUTURE,BID,3095.0,281
23:30:23,SP-FUTURE,ASK,3078.0,1390
23:30:23,ESX-FUTURE,BID,3096.0,143
23:30:24,ESX-FUTURE,BID,3096.0,845
23:30:24,SP-FUTURE,BID,3077.0,922
23:30:25,SP-FUTURE,BID,3077.0,1703
23:30:25,ESX-FUTURE,BID,3095.0,240
23:30:26,SP-FUTURE,ASK,3078.0,223
23:30:26,ESX-FUTURE,ASK,3096.0,1996
23:30:27,SP-FUTURE,BID,3078.0,399
23:30:27,SP-FUTURE,ASK,3079.0,1129
23:30:28,SP-FUTURE,ASK,3079.0,1142
23:30:28,ESX-FUTURE,ASK,3097.0,375
23:30:28,ESX-FUTURE,ASK,3097.0,83
23:30:29,SP-FUTURE,ASK,3079.0,737
23:30:30,ESX-FUTURE,ASK,3097.0,539
23:30:31,SP-FUTURE,BID,3079.0,504
23:30:31,ESX-FUTURE,ASK,3097.0,101
23:30:31,ESX-FUTURE,ASK,3097.0,17
23:30:32,ESX-FUTURE,ASK,3097.0,216
23:30:32,ESX-FUTURE,ASK,3097.0,42
23:30:32,SP-FUTURE,ASK,3079.0,2130
23:30:33,ESX-FUTURE,BID,3097.0,32
23:30:33,SP-FUTURE,BID,3079.0,1
23:30:34,SP-FUTURE,ASK,3079.0,508
23:30:34,ESX-FUTURE,ASK,3097.0,856
23:30:35,ESX-FUTURE,ASK,3097.0,275
23:30:35,SP-FUTURE,ASK,3080.0,445
23:30:36,ESX-FUTURE,BID,3097.0,787
23:30:37,ESX-FUTURE,BID,3097.0,1620
23:30:37,ESX-FUTURE,BID,3097.0,988
23:30:37,SP-FUTURE,BID,3079.0,1286
23:30:38,ESX-FUTURE,BID,3097.0,90
23:30:39,SP-FUTURE,BID,3079.0,582
23:30:39,ESX-FUTURE,ASK,3097.0,563
23:30:40,ESX-FUTURE,ASK,3097.0,1210
23:30:40,SP-FUTURE,ASK,3081.0,633
23:30:41,ESX-FUTURE,ASK,3097.0,33
23:30:41,SP-FUTURE,BID,3081.0,454
23:30:42,SP-FUTURE,BID,3081.0,154
23:30:42,ESX-FUTURE,ASK,3097.0,93
23:30:43,SP-FUTURE,ASK,3081.0,137
23:30:44,SP-FUTURE,BID,3081.0,336
23:30:44,ESX-FUTURE,ASK,3097.0,383
23:30:45,SP-FUTURE,BID,3081.0,71
23:30:46,SP-FUTURE,ASK,3081.0,848
23:30:46,ESX-FUTURE,BID,3097.0,1159
23:30:46,SP-FUTURE,ASK,3080.0,355
23:30:47,ESX-FUTURE,BID,3097.0,1835
23:30:47,SP-FUTURE,ASK,3079.0,331
23:30:48,ESX-FUTURE,ASK,3098.0,2251
23:30:48,SP-FUTURE,ASK,3081.0,260
23:30:49,ESX-FUTURE,ASK,3098.0,1329
23:30:50,SP-FUTURE,ASK,3081.0,611
23:30:51,SP-FUTURE,ASK,3081.0,75
23:30:51,ESX-FUTURE,ASK,3098.0,116
23:30:52,ESX-FUTURE,BID,3097.0,41
23:30:52,SP-FUTURE,BID,3081.0,542
23:30:53,ESX-FUTURE,BID,3097.0,1829
23:30:53,SP-FUTURE,ASK,3081.0,99
23:30:53,ESX-FUTURE,BID,3097.0,1289
23:30:54,ESX-FUTURE,ASK,3097.0,68
23:30:54,SP-FUTURE,BID,3081.0,362
23:30:55,SP-FUTURE,BID,3081.0,474
23:30:55,ESX-FUTURE,BID,3097.0,1823
23:30:55,SP-FUTURE,ASK,3079.0,2294
23:30:56,SP-FUTURE,BID,3079.0,149
23:30:56,ESX-FUTURE,ASK,3099.0,213
23:30:56,ESX-FUTURE,BID,3098.0,566
23:30:57,SP-FUTURE,ASK,3079.0,1376
23:30:57,ESX-FUTURE,BID,3098.0,846
23:30:58,SP-FUTURE,ASK,3078.0,976
23:30:58,ESX-FUTURE,ASK,3099.0,325
23:30:58,SP-FUTURE,BID,3078.0,903
23:30:59,ESX-FUTURE,BID,3099.0,120
23:31:00,ESX-FUTURE,ASK,3099.0,172
23:31:00,SP-FUTURE,BID,3078.0,55
23:31:00,ESX-FUTURE,BID,3099.0,15
23:31:01,SP-FUTURE,BID,3078.0,940
23:31:02,SP-FUTURE,ASK,3078.0,411
23:31:02,ESX-FUTURE,BID,3098.0,1259
23:31:03,SP-FUTURE,ASK,3077.0,210
23:31:04,ESX-FUTURE,ASK,3099.0,121
23:31:04,ESX-FUTURE,ASK,3099.0,126
23:31:04,ESX-FUTURE,ASK,3099.0,198
23:31:05,SP-FUTURE,ASK,3078.0,947
23:31:05,ESX-FUTURE,ASK,3099.0,278
23:31:06,ESX-FUTURE,ASK,3099.0,320
23:31:06,ESX-FUTURE,ASK,3099.0,897
23:31:07,SP-FUTURE,ASK,3078.0,336
23:31:07,ESX-FUTURE,BID,3099.0,652
23:31:08,ESX-FUTURE,BID,3099.0,562
23:31:08,SP-FUTURE,ASK,3077.0,217
23:31:09,ESX-FUTURE,BID,3099.0,925
23:31:09,SP-FUTURE,BID,3077.0,85
23:31:10,SP-FUTURE,ASK,3077.0,26
23:31:10,ESX-FUTURE,ASK,3099.0,161
23:31:10,SP-FUTURE,BID,3077.0,621
23:31:11,ESX-FUTURE,BID,3099.0,8
23:31:11,ESX-FUTURE,ASK,3099.0,1188
23:31:11,SP-FUTURE,ASK,3078.0,2068
23:31:13,SP-FUTURE,ASK,3078.0,528
23:31:13,ESX-FUTURE,ASK,3100.0,295
23:31:14,SP-FUTURE,ASK,3078.0,181
23:31:14,ESX-FUTURE,BID,3100.0,951
23:31:14,ESX-FUTURE,ASK,3100.0,114
23:31:15,SP-FUTURE,BID,3077.0,232
23:31:15,ESX-FUTURE,ASK,3100.0,896
23:31:17,SP-FUTURE,ASK,3078.0,2806
23:31:17,ESX-FUTURE,ASK,3104.0,277
23:31:18,ESX-FUTURE,BID,3104.0,574
23:31:18,SP-FUTURE,BID,3078.0,264
23:31:19,ESX-FUTURE,ASK,3104.0,1145
23:31:20,ESX-FUTURE,BID,3104.0,316
23:31:20,SP-FUTURE,BID,3078.0,52
23:31:21,ESX-FUTURE,ASK,3104.0,447
23:31:22,SP-FUTURE,BID,3078.0,43
23:31:22,SP-FUTURE,BID,3078.0,60
23:31:22,ESX-FUTURE,ASK,3104.0,279
23:31:23,SP-FUTURE,ASK,3078.0,159
23:31:24,ESX-FUTURE,ASK,3104.0,220
23:31:24,SP-FUTURE,BID,3078.0,15
23:31:24,ESX-FUTURE,BID,3104.0,660
23:31:25,SP-FUTURE,ASK,3078.0,88
23:31:25,ESX-FUTURE,ASK,3104.0,675
23:31:26,ESX-FUTURE,ASK,3104.0,375
23:31:26,SP-FUTURE,BID,3078.0,273
23:31:27,SP-FUTURE,ASK,3078.0,1484
23:31:28,ESX-FUTURE,BID,3105.0,41
23:31:29,ESX-FUTURE,BID,3105.0,273
23:31:30,SP-FUTURE,BID,3078.0,2131
23:31:30,ESX-FUTURE,BID,3104.0,342
23:31:31,SP-FUTURE,BID,3078.0,424
23:31:31,ESX-FUTURE,BID,3104.0,60
23:31:32,ESX-FUTURE,BID,3104.0,161
23:31:32,SP-FUTURE,BID,3078.0,105
23:31:33,ESX-FUTURE,BID,3104.0,233
23:31:33,SP-FUTURE,BID,3078.0,138
23:31:34,ESX-FUTURE,BID,3104.0,145
23:31:35,SP-FUTURE,ASK,3078.0,1082
23:31:35,SP-FUTURE,BID,3078.0,35
23:31:36,SP-FUTURE,ASK,3078.0,154
23:31:36,ESX-FUTURE,BID,3104.0,1127
23:31:36,SP-FUTURE,BID,3077.0,1458
23:31:38,SP-FUTURE,ASK,3077.0,67
23:31:38,ESX-FUTURE,BID,3102.0,382
23:31:39,SP-FUTURE,BID,3077.0,85
23:31:39,ESX-FUTURE,ASK,3103.0,264
23:31:40,ESX-FUTURE,ASK,3103.0,352
23:31:40,ESX-FUTURE,BID,3102.0,1382
23:31:40,ESX-FUTURE,BID,3102.0,1413
23:31:40,SP-FUTURE,ASK,3076.0,273
23:31:41,ESX-FUTURE,ASK,3103.0,1874
23:31:41,SP-FUTURE,ASK,3077.0,194
23:31:42,ESX-FUTURE,BID,3103.0,423
23:31:42,SP-FUTURE,ASK,3077.0,2106
23:31:42,ESX-FUTURE,BID,3103.0,81
23:31:43,SP-FUTURE,ASK,3077.0,15
23:31:43,SP-FUTURE,ASK,3077.0,33
23:31:43,SP-FUTURE,ASK,3077.0,38
23:31:43,ESX-FUTURE,BID,3103.0,181
23:31:44,SP-FUTURE,BID,3076.0,1005
23:31:44,ESX-FUTURE,BID,3103.0,1576
23:31:45,SP-FUTURE,BID,3075.0,88
23:31:45,SP-FUTURE,ASK,3075.0,1569
23:31:46,SP-FUTURE,BID,3075.0,91
23:31:46,ESX-FUTURE,BID,3103.0,60
23:31:47,SP-FUTURE,BID,3075.0,90
23:31:47,ESX-FUTURE,ASK,3103.0,357
23:31:48,SP-FUTURE,BID,3075.0,784
23:31:49,ESX-FUTURE,ASK,3103.0,406
23:31:50,ESX-FUTURE,ASK,3103.0,53
23:31:50,SP-FUTURE,BID,3075.0,321
23:31:50,ESX-FUTURE,BID,3103.0,1174
23:31:51,ESX-FUTURE,ASK,3103.0,153
23:31:51,SP-FUTURE,BID,3075.0,882
23:31:52,SP-FUTURE,BID,3075.0,566
23:31:52,ESX-FUTURE,ASK,3102.0,5
23:31:52,SP-FUTURE,BID,3075.0,795
23:31:52,ESX-FUTURE,BID,3102.0,513
23:31:52,ESX-FUTURE,BID,3102.0,277
23:31:53,SP-FUTURE,BID,3075.0,203
23:31:53,SP-FUTURE,ASK,3075.0,460
23:31:53,ESX-FUTURE,ASK,3102.0,826
23:31:55,SP-FUTURE,ASK,3075.0,390
23:31:55,ESX-FUTURE,BID,3102.0,495
23:31:56,SP-FUTURE,ASK,3075.0,296
23:31:56,SP-FUTURE,ASK,3075.0,720
23:31:57,ESX-FUTURE,BID,3102.0,1429
23:31:57,ESX-FUTURE,BID,3102.0,1624
23:31:58,SP-FUTURE,ASK,3072.0,205
23:31:58,ESX-FUTURE,ASK,3102.0,147
23:31:59,ESX-FUTURE,ASK,3102.0,76
23:31:59,SP-FUTURE,BID,3072.0,1685
23:32:00,SP-FUTURE,BID,3072.0,2202
23:32:00,ESX-FUTURE,BID,3101.0,30
23:32:01,SP-FUTURE,BID,3072.0,835
23:32:02,ESX-FUTURE,BID,3101.0,2050
23:32:02,SP-FUTURE,BID,3071.0,356
23:32:03,ESX-FUTURE,ASK,3101.0,687
23:32:04,SP-FUTURE,BID,3071.0,440
23:32:04,SP-FUTURE,BID,3071.0,312
23:32:05,ESX-FUTURE,ASK,3101.0,492
23:32:06,ESX-FUTURE,ASK,3101.0,630
23:32:06,ESX-FUTURE,ASK,3101.0,132
23:32:06,SP-FUTURE,BID,3072.0,437
23:32:06,ESX-FUTURE,ASK,3101.0,2678
23:32:07,ESX-FUTURE,BID,3101.0,88
23:32:07,SP-FUTURE,ASK,3075.0,212
23:32:08,ESX-FUTURE,BID,3101.0,489
23:32:08,SP-FUTURE,ASK,3075.0,48
23:32:09,ESX-FUTURE,BID,3101.0,153
23:32:09,SP-FUTURE,ASK,3075.0,173
23:32:10,ESX-FUTURE,BID,3101.0,81
23:32:10,SP-FUTURE,BID,3075.0,1461
23:32:10,ESX-FUTURE,ASK,3100.0,10
23:32:11,SP-FUTURE,ASK,3075.0,118
23:32:12,ESX-FUTURE,ASK,3100.0,300
23:32:13,ESX-FUTURE,BID,3100.0,683
23:32:13,SP-FUTURE,ASK,3075.0,5
23:32:13,ESX-FUTURE,BID,3100.0,97
23:32:14,ESX-FUTURE,ASK,3100.0,70
23:32:14,SP-FUTURE,BID,3075.0,1180
23:32:15,ESX-FUTURE,ASK,3100.0,1640
23:32:15,SP-FUTURE,ASK,3077.0,1484
23:32:15,ESX-FUTURE,ASK,3102.0,128
23:32:16,SP-FUTURE,BID,3077.0,190
23:32:17,ESX-FUTURE,BID,3102.0,30
23:32:17,SP-FUTURE,ASK,3077.0,207
23:32:17,ESX-FUTURE,BID,3102.0,1139
23:32:18,SP-FUTURE,BID,3076.0,191
23:32:18,ESX-FUTURE,BID,3102.0,2050
23:32:19,SP-FUTURE,BID,3075.0,321
23:32:19,ESX-FUTURE,BID,3102.0,105
23:32:20,SP-FUTURE,ASK,3075.0,427
23:32:21,ESX-FUTURE,BID,3102.0,85
23:32:21,SP-FUTURE,ASK,3075.0,44
23:32:21,SP-FUTURE,BID,3075.0,1594
23:32:22,ESX-FUTURE,ASK,3102.0,848
23:32:22,SP-FUTURE,BID,3076.0,451
23:32:23,SP-FUTURE,ASK,3076.0,111
23:32:23,SP-FUTURE,BID,3076.0,47
23:32:23,ESX-FUTURE,ASK,3101.0,192
23:32:23,SP-FUTURE,ASK,3076.0,259
23:32:24,ESX-FUTURE,BID,3101.0,329
23:32:25,SP-FUTURE,BID,3075.0,2670
23:32:25,ESX-FUTURE,ASK,3098.0,83
23:32:26,ESX-FUTURE,ASK,3098.0,90
23:32:26,SP-FUTURE,ASK,3076.0,724
23:32:26,ESX-FUTURE,BID,3098.0,16
23:32:26,SP-FUTURE,BID,3076.0,39
23:32:27,ESX-FUTURE,ASK,3098.0,719
23:32:28,SP-FUTURE,BID,3076.0,109
23:32:28,SP-FUTURE,ASK,3076.0,727
23:32:29,ESX-FUTURE,BID,3098.0,211
23:32:29,SP-FUTURE,BID,3075.0,607
23:32:30,ESX-FUTURE,ASK,3098.0,2095
23:32:31,SP-FUTURE,ASK,3076.0,250
23:32:31,ESX-FUTURE,ASK,3098.0,1293
23:32:31,SP-FUTURE,ASK,3077.0,803
23:32:33,SP-FUTURE,BID,3076.0,404
23:32:33,ESX-FUTURE,BID,3098.0,178
23:32:34,SP-FUTURE,BID,3076.0,852
23:32:35,SP-FUTURE,BID,3076.0,1708
23:32:35,ESX-FUTURE,BID,3098.0,28
23:32:35,SP-FUTURE,BID,3076.0,320
23:32:36,ESX-FUTURE,ASK,3098.0,2551
23:32:36,ESX-FUTURE,BID,3098.0,174
23:32:37,SP-FUTURE,BID,3079.0,1029
23:32:37,ESX-FUTURE,ASK,3097.0,971
23:32:38,ESX-FUTURE,BID,3097.0,593
23:32:38,SP-FUTURE,ASK,3080.0,680
23:32:39,SP-FUTURE,BID,3079.0,74
23:32:40,ESX-FUTURE,BID,3097.0,451
23:32:41,SP-FUTURE,BID,3079.0,1185
23:32:41,ESX-FUTURE,BID,3096.0,461
23:32:42,SP-FUTURE,BID,3079.0,58
23:32:42,ESX-FUTURE,BID,3096.0,251
23:32:42,ESX-FUTURE,BID,3096.0,1017
23:32:43,SP-FUTURE,ASK,3079.0,1730
23:32:43,ESX-FUTURE,BID,3097.0,524
23:32:44,SP-FUTURE,BID,3078.0,171
23:32:44,ESX-FUTURE,ASK,3097.0,805
23:32:44,SP-FUTURE,BID,3078.0,1294
23:32:45,SP-FUTURE,BID,3078.0,2000
23:32:45,ESX-FUTURE,ASK,3095.0,678
23:32:46,ESX-FUTURE,ASK,3095.0,590
23:32:46,SP-FUTURE,ASK,3079.0,87
23:32:46,SP-FUTURE,BID,3079.0,1052
23:32:47,SP-FUTURE,BID,3079.0,1105
23:32:47,ESX-FUTURE,BID,3093.0,499
23:32:48,SP-FUTURE,ASK,3079.0,280
23:32:48,ESX-FUTURE,ASK,3093.0,212
23:32:48,SP-FUTURE,ASK,3079.0,292
23:32:49,SP-FUTURE,ASK,3079.0,12
23:32:50,ESX-FUTURE,BID,3093.0,118
23:32:50,ESX-FUTURE,ASK,3093.0,2080
23:32:51,SP-FUTURE,ASK,3080.0,1532
23:32:51,ESX-FUTURE,ASK,3093.0,151
23:32:52,SP-FUTURE,BID,3080.0,43
23:32:53,ESX-FUTURE,ASK,3093.0,2024
23:32:53,SP-FUTURE,ASK,3082.0,34
23:32:54,ESX-FUTURE,ASK,3093.0,356
23:32:55,SP-FUTURE,ASK,3082.0,2131
23:32:56,ESX-FUTURE,BID,3095.0,1869
23:32:56,SP-FUTURE,BID,3081.0,470
23:32:57,SP-FUTURE,BID,3081.0,321
23:32:58,SP-FUTURE,ASK,3081.0,236
23:32:58,ESX-FUTURE,ASK,3095.0,224
23:32:58,SP-FUTURE,ASK,3081.0,928
23:32:59,ESX-FUTURE,BID,3095.0,2
23:32:59,ESX-FUTURE,BID,3095.0,282
23:33:00,SP-FUTURE,ASK,3081.0,461
23:33:00,SP-FUTURE,BID,3081.0,21
23:33:01,ESX-FUTURE,ASK,3095.0,205
23:33:01,SP-FUTURE,BID,3081.0,33
23:33:02,ESX-FUTURE,BID,3095.0,47
23:33:02,SP-FUTURE,ASK,3081.0,608
23:33:03,ESX-FUTURE,BID,3095.0,144
23:33:03,ESX-FUTURE,ASK,3095.0,1291
23:33:03,SP-FUTURE,ASK,3082.0,660
23:33:04,ESX-FUTURE,BID,3095.0,144
23:33:04,SP-FUTURE,BID,3082.0,275
23:33:04,ESX-FUTURE,BID,3095.0,318
23:33:06,ESX-FUTURE,ASK,3096.0,524
23:33:06,SP-FUTURE,ASK,3082.0,294
23:33:06,ESX-FUTURE,BID,3095.0,795
23:33:07,ESX-FUTURE,ASK,3096.0,239
23:33:08,SP-FUTURE,ASK,3082.0,499
23:33:08,ESX-FUTURE,BID,3096.0,295
23:33:09,SP-FUTURE,BID,3082.0,99
23:33:09,ESX-FUTURE,ASK,3096.0,838
23:33:09,ESX-FUTURE,ASK,3096.0,6
23:33:10,SP-FUTURE,ASK,3082.0,117
23:33:11,ESX-FUTURE,ASK,3096.0,478
23:33:11,SP-FUTURE,BID,3082.0,1096
23:33:12,SP-FUTURE,ASK,3083.0,468
23:33:12,ESX-FUTURE,ASK,3095.0,1365
23:33:13,SP-FUTURE,BID,3083.0,250
23:33:13,SP-FUTURE,BID,3083.0,660
23:33:14,ESX-FUTURE,ASK,3095.0,423
23:33:15,SP-FUTURE,ASK,3083.0,909
23:33:15,ESX-FUTURE,BID,3095.0,208
23:33:15,SP-FUTURE,ASK,3083.0,937
23:33:15,ESX-FUTURE,ASK,3095.0,390
23:33:15,ESX-FUTURE,ASK,3095.0,1120
23:33:16,SP-FUTURE,BID,3083.0,924
23:33:16,ESX-FUTURE,BID,3095.0,750
23:33:16,SP-FUTURE,BID,3083.0,33
23:33:17,ESX-FUTURE,ASK,3095.0,99
23:33:18,ESX-FUTURE,BID,3095.0,886
23:33:18,SP-FUTURE,BID,3082.0,171
23:33:19,ESX-FUTURE,BID,3095.0,586
23:33:20,ESX-FUTURE,ASK,3095.0,1845
23:33:20,SP-FUTURE,BID,3084.0,283
23:33:21,SP-FUTURE,ASK,3085.0,150
23:33:21,ESX-FUTURE,ASK,3095.0,234
23:33:22,ESX-FUTURE,ASK,3095.0,73
23:33:22,SP-FUTURE,ASK,3085.0,706
23:33:23,ESX-FUTURE,ASK,3095.0,1670
23:33:23,SP-FUTURE,BID,3086.0,1071
23:33:23,ESX-FUTURE,BID,3095.0,360
23:33:24,SP-FUTURE,ASK,3086.0,754
23:33:25,SP-FUTURE,ASK,3086.0,65
23:33:25,ESX-FUTURE,BID,3095.0,118
23:33:26,ESX-FUTURE,BID,3095.0,621
23:33:26,SP-FUTURE,BID,3086.0,207
23:33:26,SP-FUTURE,ASK,3086.0,101
23:33:27,SP-FUTURE,ASK,3086.0,346
23:33:27,ESX-FUTURE,ASK,3095.0,23
23:33:27,ESX-FUTURE,BID,3095.0,223
23:33:28,SP-FUTURE,ASK,3086.0,222
23:33:28,SP-FUTURE,ASK,3086.0,589
23:33:29,ESX-FUTURE,ASK,3096.0,101
23:33:30,SP-FUTURE,ASK,3086.0,1162
23:33:30,ESX-FUTURE,ASK,3097.0,318
23:33:31,SP-FUTURE,BID,3086.0,14
23:33:32,ESX-FUTURE,BID,3096.0,274
23:33:32,SP-FUTURE,BID,3086.0,1717
23:33:33,ESX-FUTURE,ASK,3097.0,631
23:33:33,SP-FUTURE,BID,3086.0,924
23:33:33,SP-FUTURE,BID,3086.0,458
23:33:34,ESX-FUTURE,ASK,3096.0,143
23:33:34,SP-FUTURE,ASK,3087.0,890
23:33:35,SP-FUTURE,ASK,3087.0,443
23:33:35,ESX-FUTURE,BID,3096.0,177
23:33:36,SP-FUTURE,ASK,3087.0,722
23:33:36,SP-FUTURE,ASK,3087.0,1097
23:33:37,ESX-FUTURE,BID,3096.0,965
23:33:37,SP-FUTURE,BID,3086.0,107
23:33:38,ESX-FUTURE,ASK,3097.0,18
23:33:39,SP-FUTURE,ASK,3086.0,166
23:33:39,ESX-FUTURE,BID,3097.0,199
23:33:40,ESX-FUTURE,ASK,3097.0,831
23:33:41,SP-FUTURE,ASK,3087.0,1382
23:33:41,ESX-FUTURE,ASK,3097.0,472
23:33:42,SP-FUTURE,BID,3086.0,116
23:33:42,ESX-FUTURE,ASK,3097.0,93
23:33:43,SP-FUTURE,BID,3086.0,464
23:33:44,ESX-FUTURE,ASK,3097.0,24
23:33:44,ESX-FUTURE,ASK,3097.0,16
23:33:45,SP-FUTURE,ASK,3087.0,1001
23:33:45,ESX-FUTURE,ASK,3097.0,306
23:33:46,SP-FUTURE,BID,3086.0,216
23:33:46,SP-FUTURE,ASK,3087.0,456
23:33:47,ESX-FUTURE,ASK,3097.0,875
23:33:47,SP-FUTURE,BID,3087.0,287
23:33:48,ESX-FUTURE,ASK,3097.0,308
23:33:48,SP-FUTURE,BID,3087.0,142
23:33:49,ESX-FUTURE,ASK,3097.0,109
23:33:49,SP-FUTURE,BID,3087.0,1544
23:33:50,ESX-FUTURE,ASK,3097.0,778
23:33:50,SP-FUTURE,ASK,3087.0,141
23:33:50,SP-FUTURE,BID,3087.0,1371
23:33:51,ESX-FUTURE,ASK,3097.0,611
23:33:51,ESX-FUTURE,BID,3096.0,298
23:33:52,SP-FUTURE,BID,3087.0,103
23:33:52,SP-FUTURE,ASK,3088.0,396
23:33:53,ESX-FUTURE,BID,3096.0,891
23:33:53,SP-FUTURE,BID,3087.0,506
23:33:54,ESX-FUTURE,ASK,3096.0,21
23:33:55,ESX-FUTURE,ASK,3096.0,11
23:33:55,SP-FUTURE,BID,3087.0,453
23:33:55,ESX-FUTURE,BID,3096.0,461
23:33:55,SP-FUTURE,ASK,3087.0,589
23:33:56,SP-FUTURE,ASK,3087.0,96
23:33:56,ESX-FUTURE,BID,3096.0,486
23:33:57,SP-FUTURE,ASK,3087.0,356
23:33:57,ESX-FUTURE,BID,3097.0,484
23:33:57,ESX-FUTURE,BID,3097.0,490
23:33:58,SP-FUTURE,ASK,3086.0,152
23:33:59,ESX-FUTURE,ASK,3097.0,650
23:33:59,SP-FUTURE,ASK,3087.0,381
23:34:00,SP-FUTURE,ASK,3087.0,760
23:34:00,ESX-FUTURE,ASK,3097.0,567
23:34:01,SP-FUTURE,ASK,3087.0,90
23:34:01,ESX-FUTURE,BID,3097.0,155
23:34:01,SP-FUTURE,ASK,3087.0,228
23:34:02,SP-FUTURE,ASK,3087.0,246
23:34:02,SP-FUTURE,ASK,3087.0,337
23:34:02,ESX-FUTURE,ASK,3098.0,105
23:34:03,SP-FUTURE,ASK,3087.0,252
23:34:04,ESX-FUTURE,ASK,3098.0,129
23:34:04,SP-FUTURE,ASK,3087.0,15
23:34:04,ESX-FUTURE,BID,3097.0,1668
23:34:05,ESX-FUTURE,ASK,3098.0,89
23:34:06,SP-FUTURE,BID,3086.0,5
23:34:06,ESX-FUTURE,BID,3097.0,87
23:34:06,ESX-FUTURE,ASK,3098.0,68
23:34:06,SP-FUTURE,BID,3086.0,2827
23:34:07,SP-FUTURE,ASK,3086.0,2
23:34:08,ESX-FUTURE,BID,3094.0,252
23:34:08,SP-FUTURE,ASK,3086.0,263
23:34:09,ESX-FUTURE,ASK,3095.0,540
23:34:10,SP-FUTURE,ASK,3086.0,288
23:34:10,ESX-FUTURE,ASK,3095.0,1215
23:34:11,SP-FUTURE,ASK,3087.0,1011
23:34:11,SP-FUTURE,BID,3086.0,315
23:34:12,ESX-FUTURE,BID,3095.0,79
23:34:13,SP-FUTURE,ASK,3087.0,1338
23:34:13,SP-FUTURE,BID,3086.0,125
23:34:13,ESX-FUTURE,BID,3095.0,300
23:34:14,SP-FUTURE,BID,3086.0,10
23:34:14,ESX-FUTURE,ASK,3095.0,245
23:34:15,SP-FUTURE,BID,3086.0,689
23:34:15,ESX-FUTURE,ASK,3095.0,86
23:34:16,SP-FUTURE,ASK,3087.0,183
23:34:16,ESX-FUTURE,ASK,3095.0,93
23:34:16,SP-FUTURE,ASK,3087.0,575
23:34:17,ESX-FUTURE,BID,3095.0,972
23:34:17,SP-FUTURE,BID,3086.0,1186
23:34:17,SP-FUTURE,ASK,3086.0,94
23:34:18,ESX-FUTURE,BID,3095.0,499
23:34:18,ESX-FUTURE,ASK,3095.0,358
23:34:19,SP-FUTURE,BID,3086.0,48
23:34:19,SP-FUTURE,BID,3086.0,625
23:34:19,ESX-FUTURE,BID,3094.0,114
23:34:20,SP-FUTURE,BID,3086.0,199
23:34:21,SP-FUTURE,ASK,3086.0,153
23:34:21,ESX-FUTURE,BID,3094.0,298
23:34:21,ESX-FUTURE,BID,3094.0,1510
23:34:21,SP-FUTURE,ASK,3086.0,65
23:34:21,SP-FUTURE,ASK,3085.0,87
23:34:23,ESX-FUTURE,ASK,3095.0,932
23:34:23,SP-FUTURE,BID,3085.0,665
23:34:23,ESX-FUTURE,BID,3094.0,57
23:34:24,SP-FUTURE,ASK,3085.0,393
23:34:25,ESX-FUTURE,ASK,3094.0,550
23:34:25,SP-FUTURE,BID,3085.0,519
23:34:25,ESX-FUTURE,BID,3094.0,77
23:34:27,SP-FUTURE,ASK,3086.0,31
23:34:27,SP-FUTURE,BID,3085.0,862
23:34:27,ESX-FUTURE,ASK,3094.0,1988
23:34:27,SP-FUTURE,BID,3087.0,924
23:34:28,SP-FUTURE,ASK,3087.0,84
23:34:29,ESX-FUTURE,ASK,3094.0,821
23:34:30,SP-FUTURE,BID,3087.0,80
23:34:30,ESX-FUTURE,BID,3094.0,260
23:34:31,ESX-FUTURE,BID,3094.0,806
23:34:31,SP-FUTURE,BID,3087.0,815
23:34:32,ESX-FUTURE,BID,3093.0,599
23:34:32,SP-FUTURE,ASK,3087.0,1775
23:34:33,ESX-FUTURE,BID,3095.0,1498
23:34:34,ESX-FUTURE,BID,3095.0,581
23:34:34,SP-FUTURE,BID,3086.0,470
23:34:34,ESX-FUTURE,BID,3094.0,657
23:34:35,SP-FUTURE,ASK,3086.0,258
23:34:36,ESX-FUTURE,BID,3095.0,87
23:34:37,SP-FUTURE,BID,3086.0,968
23:34:37,ESX-FUTURE,ASK,3094.0,713
23:34:38,SP-FUTURE,BID,3086.0,1072
23:34:38,ESX-FUTURE,BID,3093.0,379
23:34:39,ESX-FUTURE,BID,3093.0,1359
23:34:40,SP-FUTURE,BID,3086.0,92
23:34:41,ESX-FUTURE,BID,3093.0,1083
23:34:41,SP-FUTURE,ASK,3086.0,459
23:34:41,SP-FUTURE,BID,3086.0,204
23:34:42,SP-FUTURE,ASK,3086.0,274
23:34:42,ESX-FUTURE,BID,3094.0,723
23:34:43,SP-FUTURE,BID,3086.0,234
23:34:44,ESX-FUTURE,BID,3094.0,741
23:34:44,SP-FUTURE,BID,3085.0,793
23:34:44,ESX-FUTURE,ASK,3094.0,542
23:34:45,SP-FUTURE,ASK,3086.0,1885
23:34:46,ESX-FUTURE,ASK,3094.0,66
23:34:46,ESX-FUTURE,ASK,3094.0,6
23:34:47,ESX-FUTURE,ASK,3094.0,129
23:34:47,SP-FUTURE,ASK,3086.0,962
23:34:47,SP-FUTURE,BID,3086.0,102
23:34:47,ESX-FUTURE,BID,3094.0,8
23:34:48,SP-FUTURE,BID,3086.0,135
23:34:49,ESX-FUTURE,BID,3094.0,1558
23:34:49,SP-FUTURE,BID,3085.0,1175
23:34:50,ESX-FUTURE,ASK,3094.0,653
23:34:50,SP-FUTURE,BID,3085.0,1229
23:34:50,SP-FUTURE,BID,3085.0,568
23:34:51,ESX-FUTURE,BID,3092.0,97
23:34:51,SP-FUTURE,BID,3085.0,324
23:34:52,ESX-FUTURE,BID,3092.0,35
23:34:52,SP-FUTURE,ASK,3086.0,886
23:34:52,ESX-FUTURE,BID,3092.0,148
23:34:52,SP-FUTURE,BID,3085.0,144
23:34:53,ESX-FUTURE,BID,3092.0,482
23:34:53,SP-FUTURE,ASK,3085.0,713
23:34:53,SP-FUTURE,BID,3085.0,155
23:34:54,ESX-FUTURE,ASK,3093.0,32
23:34:55,SP-FUTURE,ASK,3085.0,189
23:34:55,ESX-FUTURE,BID,3093.0,56
23:34:56,SP-FUTURE,ASK,3085.0,242
23:34:56,ESX-FUTURE,ASK,3093.0,827
23:34:56,SP-FUTURE,ASK,3086.0,14
23:34:57,ESX-FUTURE,BID,3093.0,337
23:34:58,SP-FUTURE,BID,3085.0,89
23:34:58,ESX-FUTURE,ASK,3093.0,1003
23:34:58,SP-FUTURE,ASK,3086.0,437
23:34:59,ESX-FUTURE,ASK,3093.0,259
23:35:00,SP-FUTURE,ASK,3086.0,811
23:35:00,SP-FUTURE,ASK,3086.0,320
23:35:01,ESX-FUTURE,BID,3093.0,41
23:35:01,SP-FUTURE,BID,3086.0,45
23:35:02,SP-FUTURE,BID,3086.0,299
23:35:02,ESX-FUTURE,BID,3093.0,738
23:35:03,ESX-FUTURE,BID,3093.0,725
23:35:03,SP-FUTURE,BID,3085.0,2754
23:35:04,SP-FUTURE,ASK,3085.0,56
23:35:04,ESX-FUTURE,BID,3089.0,309
23:35:05,SP-FUTURE,ASK,3085.0,71
23:35:05,ESX-FUTURE,BID,3089.0,34
23:35:05,SP-FUTURE,BID,3085.0,419
23:35:06,ESX-FUTURE,ASK,3089.0,433
23:35:07,ESX-FUTURE,ASK,3089.0,222
23:35:07,SP-FUTURE,BID,3085.0,416
23:35:08,ESX-FUTURE,BID,3089.0,135
23:35:09,ESX-FUTURE,ASK,3089.0,632
23:35:10,SP-FUTURE,BID,3085.0,225
23:35:10,ESX-FUTURE,BID,3088.0,2402
23:35:10,SP-FUTURE,BID,3085.0,1140
23:35:10,ESX-FUTURE,BID,3087.0,563
23:35:11,ESX-FUTURE,BID,3087.0,345
23:35:11,SP-FUTURE,BID,3084.0,655
23:35:12,ESX-FUTURE,ASK,3087.0,571
23:35:12,SP-FUTURE,ASK,3085.0,260
23:35:13,ESX-FUTURE,BID,3087.0,901
23:35:14,SP-FUTURE,BID,3084.0,247
23:35:14,ESX-FUTURE,ASK,3087.0,439
23:35:15,SP-FUTURE,BID,3084.0,222
23:35:15,ESX-FUTURE,BID,3087.0,181
23:35:16,ESX-FUTURE,BID,3087.0,53
23:35:16,SP-FUTURE,BID,3084.0,1564
23:35:17,SP-FUTURE,BID,3084.0,356
23:35:17,ESX-FUTURE,ASK,3086.0,385
23:35:18,SP-FUTURE,BID,3084.0,336
23:35:19,ESX-FUTURE,BID,3085.0,1392
23:35:19,SP-FUTURE,BID,3084.0,117
23:35:19,ESX-FUTURE,ASK,3085.0,350
23:35:20,ESX-FUTURE,BID,3085.0,446
23:35:20,SP-FUTURE,ASK,3084.0,812
23:35:21,ESX-FUTURE,ASK,3086.0,539
23:35:21,SP-FUTURE,BID,3084.0,505
23:35:21,ESX-FUTURE,BID,3085.0,52
23:35:22,SP-FUTURE,BID,3084.0,322
23:35:22,SP-FUTURE,BID,3084.0,3
23:35:23,ESX-FUTURE,ASK,3085.0,333
23:35:24,SP-FUTURE,ASK,3084.0,1528
23:35:24,ESX-FUTURE,ASK,3086.0,1496
23:35:24,ESX-FUTURE,BID,3086.0,46
23:35:24,SP-FUTURE,ASK,3084.0,164
23:35:25,ESX-FUTURE,BID,3086.0,393
23:35:25,SP-FUTURE,BID,3084.0,1539
23:35:26,SP-FUTURE,ASK,3084.0,57
23:35:26,ESX-FUTURE,ASK,3086.0,135
23:35:27,SP-FUTURE,BID,3084.0,1462
23:35:27,ESX-FUTURE,BID,3086.0,210
23:35:28,SP-FUTURE,ASK,3084.0,444
23:35:28,ESX-FUTURE,ASK,3086.0,1520
23:35:28,ESX-FUTURE,BID,3086.0,12
23:35:29,SP-FUTURE,ASK,3084.0,434
23:35:29,ESX-FUTURE,BID,3086.0,1218
23:35:30,SP-FUTURE,BID,3084.0,1374
23:35:30,ESX-FUTURE,BID,3085.0,482
23:35:31,SP-FUTURE,BID,3084.0,252
23:35:32,ESX-FUTURE,ASK,3085.0,279
23:35:32,SP-FUTURE,ASK,3084.0,330
23:35:33,SP-FUTURE,ASK,3084.0,499
23:35:33,ESX-FUTURE,ASK,3085.0,217
23:35:34,SP-FUTURE,BID,3084.0,68
23:35:35,ESX-FUTURE,ASK,3085.0,550
23:35:35,SP-FUTURE,BID,3084.0,339
23:35:36,SP-FUTURE,BID,3084.0,388
23:35:36,ESX-FUTURE,ASK,3085.0,542
23:35:37,SP-FUTURE,ASK,3084.0,289
23:35:38,ESX-FUTURE,BID,3085.0,117
23:35:39,SP-FUTURE,ASK,3084.0,208
23:35:39,ESX-FUTURE,BID,3085.0,1022
23:35:39,SP-FUTURE,ASK,3084.0,210
23:35:40,SP-FUTURE,ASK,3084.0,1361
23:35:40,ESX-FUTURE,ASK,3086.0,281
23:35:42,SP-FUTURE,BID,3084.0,461
23:35:43,ESX-FUTURE,ASK,3086.0,224
23:35:43,ESX-FUTURE,BID,3086.0,367
23:35:44,SP-FUTURE,BID,3084.0,369
23:35:44,SP-FUTURE,ASK,3084.0,835
23:35:45,ESX-FUTURE,BID,3086.0,717
23:35:45,SP-FUTURE,ASK,3084.0,289
23:35:46,ESX-FUTURE,BID,3087.0,18
23:35:46,SP-FUTURE,BID,3084.0,67
23:35:46,ESX-FUTURE,ASK,3087.0,2
23:35:47,ESX-FUTURE,BID,3086.0,2955
23:35:47,SP-FUTURE,BID,3080.0,684
23:35:48,SP-FUTURE,BID,3080.0,747
23:35:48,ESX-FUTURE,ASK,3086.0,851
23:35:49,SP-FUTURE,ASK,3081.0,1396
23:35:49,ESX-FUTURE,BID,3086.0,814
23:35:51,ESX-FUTURE,ASK,3086.0,1013
23:35:51,SP-FUTURE,BID,3081.0,331
23:35:52,ESX-FUTURE,BID,3086.0,240
23:35:52,SP-FUTURE,BID,3081.0,582
23:35:53,ESX-FUTURE,ASK,3086.0,148
23:35:53,SP-FUTURE,BID,3081.0,1205
23:35:54,ESX-FUTURE,ASK,3086.0,1218
23:35:55,SP-FUTURE,ASK,3082.0,547
23:35:55,ESX-FUTURE,BID,3086.0,26
23:35:56,SP-FUTURE,ASK,3082.0,1021
23:35:56,SP-FUTURE,BID,3082.0,483
23:35:56,ESX-FUTURE,BID,3086.0,1174
23:35:57,ESX-FUTURE,ASK,3087.0,69
23:35:57,SP-FUTURE,ASK,3081.0,361
23:35:58,ESX-FUTURE,ASK,3087.0,44
23:35:58,SP-FUTURE,ASK,3081.0,709
23:35:58,ESX-FUTURE,BID,3087.0,22
23:35:59,ESX-FUTURE,BID,3087.0,44
23:35:59,SP-FUTURE,ASK,3081.0,1677
23:35:59,ESX-FUTURE,ASK,3089.0,353
23:36:00,ESX-FUTURE,ASK,3089.0,157
23:36:00,SP-FUTURE,ASK,3082.0,1449
23:36:00,SP-FUTURE,ASK,3082.0,1712
