Timestamp,Traded Instrument,Traded Side,Traded Price,Traded Volume
21:08:54,ESX-FUTURE,BID,3011.0,353
21:08:54,SP-FUTURE,ASK,3066.0,26
21:08:55,SP-FUTURE,BID,3066.0,834
21:08:56,ESX-FUTURE,ASK,3011.0,535
21:08:56,SP-FUTURE,BID,3066.0,1082
21:08:57,ESX-FUTURE,ASK,3011.0,243
21:08:57,SP-FUTURE,BID,3067.0,322
21:08:57,ESX-FUTURE,BID,3010.0,2382
21:08:57,SP-FUTURE,BID,3065.0,259
21:08:58,SP-FUTURE,BID,3065.0,25
21:08:58,ESX-FUTURE,BID,3010.0,674
21:08:59,ESX-FUTURE,BID,3010.0,653
21:09:00,SP-FUTURE,BID,3064.0,762
21:09:00,ESX-FUTURE,ASK,3010.0,491
21:09:01,SP-FUTURE,BID,3064.0,746
21:09:01,ESX-FUTURE,BID,3009.0,1114
21:09:02,SP-FUTURE,ASK,3064.0,1498
21:09:02,ESX-FUTURE,ASK,3010.0,580
21:09:03,ESX-FUTURE,ASK,3010.0,388
21:09:03,SP-FUTURE,ASK,3064.0,365
21:09:03,SP-FUTURE,ASK,3064.0,23
21:09:04,ESX-FUTURE,BID,3010.0,1447
21:09:05,SP-FUTURE,BID,3063.0,388
21:09:05,ESX-FUTURE,ASK,3010.0,806
21:09:06,ESX-FUTURE,BID,3010.0,27
21:09:06,SP-FUTURE,BID,3063.0,733
21:09:06,SP-FUTURE,ASK,3063.0,531
21:09:07,ESX-FUTURE,BID,3010.0,951
21:09:07,SP-FUTURE,ASK,3063.0,2
21:09:08,ESX-FUTURE,ASK,3010.0,62
21:09:08,SP-FUTURE,ASK,3063.0,67
21:09:09,ESX-FUTURE,BID,3010.0,184
21:09:10,ESX-FUTURE,BID,3010.0,1810
21:09:11,SP-FUTURE,ASK,3063.0,287
21:09:11,SP-FUTURE,BID,3063.0,99
21:09:12,ESX-FUTURE,BID,3010.0,1058
21:09:12,SP-FUTURE,ASK,3063.0,1158
21:09:12,SP-FUTURE,BID,3062.0,330
21:09:13,ESX-FUTURE,ASK,3010.0,1762
21:09:13,SP-FUTURE,BID,3062.0,1332
21:09:13,ESX-FUTURE,BID,3010.0,210
21:09:14,ESX-FUTURE,BID,3010.0,35
21:09:14,SP-FUTURE,BID,3062.0,609
21:09:15,ESX-FUTURE,ASK,3010.0,1009
21:09:15,SP-FUTURE,ASK,3063.0,1210
21:09:16,ESX-FUTURE,BID,3010.0,238
21:09:17,SP-FUTURE,ASK,3063.0,500
21:09:17,ESX-FUTURE,ASK,3010.0,1181
21:09:18,ESX-FUTURE,BID,3010.0,175
21:09:18,SP-FUTURE,ASK,3063.0,109
21:09:18,SP-FUTURE,ASK,3063.0,45
21:09:19,ESX-FUTURE,ASK,3010.0,1646
21:09:19,ESX-FUTURE,BID,3010.0,857
21:09:20,ESX-FUTURE,BID,3010.0,20
21:09:20,SP-FUTURE,ASK,3065.0,1964
21:09:21,ESX-FUTURE,ASK,3011.0,1811
21:09:21,SP-FUTURE,ASK,3067.0,364
21:09:22,ESX-FUTURE,ASK,3011.0,252
21:09:22,SP-FUTURE,BID,3066.0,527
21:09:23,SP-FUTURE,BID,3066.0,509
21:09:23,ESX-FUTURE,BID,3011.0,343
21:09:24,ESX-FUTURE,ASK,3011.0,503
21:09:24,ESX-FUTURE,BID,3011.0,576
21:09:27,SP-FUTURE,BID,3066.0,352
21:09:27,ESX-FUTURE,BID,3010.0,366
21:09:27,ESX-FUTURE,BID,3010.0,563
21:09:27,SP-FUTURE,BID,3066.0,1816
21:09:27,ESX-FUTURE,ASK,3009.0,714
21:09:27,SP-FUTURE,ASK,3067.0,1425
21:09:27,ESX-FUTURE,BID,3008.0,870
21:09:27,ESX-FUTURE,BID,3008.0,728
21:09:28,SP-FUTURE,BID,3066.0,57
21:09:28,ESX-FUTURE,ASK,3009.0,201
21:09:29,SP-FUTURE,ASK,3066.0,1141
21:09:29,ESX-FUTURE,ASK,3009.0,225
21:09:29,SP-FUTURE,BID,3066.0,314
21:09:30,ESX-FUTURE,ASK,3009.0,131
21:09:30,ESX-FUTURE,BID,3009.0,1316
21:09:31,SP-FUTURE,ASK,3065.0,41
21:09:31,ESX-FUTURE,ASK,3009.0,215
21:09:31,SP-FUTURE,BID,3065.0,19
21:09:32,SP-FUTURE,ASK,3065.0,592
21:09:33,SP-FUTURE,BID,3065.0,808
21:09:33,ESX-FUTURE,BID,3009.0,889
21:09:34,ESX-FUTURE,ASK,3009.0,677
21:09:35,SP-FUTURE,BID,3065.0,305
21:09:35,ESX-FUTURE,ASK,3009.0,1301
21:09:35,SP-FUTURE,BID,3065.0,224
21:09:36,ESX-FUTURE,BID,3009.0,2724
21:09:37,SP-FUTURE,BID,3061.0,4
21:09:37,ESX-FUTURE,BID,3009.0,1503
21:09:38,SP-FUTURE,BID,3061.0,307
21:09:38,SP-FUTURE,BID,3061.0,114
21:09:38,ESX-FUTURE,BID,3009.0,158
21:09:39,ESX-FUTURE,BID,3009.0,856
21:09:39,SP-FUTURE,ASK,3061.0,25
21:09:39,ESX-FUTURE,BID,3009.0,1187
21:09:40,ESX-FUTURE,BID,3009.0,750
21:09:40,ESX-FUTURE,BID,3009.0,903
21:09:41,SP-FUTURE,BID,3058.0,1291
21:09:41,ESX-FUTURE,BID,3007.0,14
21:09:41,SP-FUTURE,ASK,3059.0,62
21:09:42,SP-FUTURE,ASK,3059.0,312
21:09:42,SP-FUTURE,ASK,3059.0,8
21:09:43,ESX-FUTURE,ASK,3008.0,1184
21:09:43,SP-FUTURE,ASK,3060.0,547
21:09:44,SP-FUTURE,ASK,3060.0,555
21:09:44,ESX-FUTURE,BID,3008.0,628
21:09:45,ESX-FUTURE,ASK,3008.0,1712
21:09:45,SP-FUTURE,BID,3061.0,110
21:09:46,SP-FUTURE,ASK,3061.0,225
21:09:46,ESX-FUTURE,ASK,3008.0,333
21:09:46,ESX-FUTURE,ASK,3008.0,136
21:09:47,SP-FUTURE,BID,3061.0,466
21:09:48,ESX-FUTURE,ASK,3008.0,1488
21:09:48,ESX-FUTURE,ASK,3008.0,426
21:09:48,SP-FUTURE,ASK,3062.0,759
21:09:49,SP-FUTURE,ASK,3062.0,1239
21:09:49,SP-FUTURE,BID,3062.0,71
21:09:49,ESX-FUTURE,BID,3008.0,1513
21:09:50,SP-FUTURE,BID,3060.0,526
21:09:50,ESX-FUTURE,ASK,3008.0,838
21:09:51,SP-FUTURE,ASK,3061.0,521
21:09:51,SP-FUTURE,ASK,3061.0,915
21:09:52,ESX-FUTURE,ASK,3009.0,1226
21:09:52,ESX-FUTURE,BID,3009.0,44
21:09:52,SP-FUTURE,ASK,3061.0,4
21:09:52,SP-FUTURE,BID,3061.0,2803
21:09:53,ESX-FUTURE,BID,3005.0,696
21:09:53,SP-FUTURE,ASK,3061.0,650
21:09:55,SP-FUTURE,ASK,3061.0,2323
21:09:55,ESX-FUTURE,ASK,3006.0,268
21:09:56,SP-FUTURE,BID,3061.0,219
21:09:56,ESX-FUTURE,ASK,3006.0,149
21:09:57,ESX-FUTURE,BID,3006.0,1539
21:09:57,SP-FUTURE,ASK,3061.0,90
21:09:57,ESX-FUTURE,BID,3006.0,1045
21:09:59,ESX-FUTURE,ASK,3006.0,11
21:09:59,SP-FUTURE,BID,3061.0,82
21:09:59,SP-FUTURE,BID,3061.0,379
21:10:00,ESX-FUTURE,BID,3006.0,604
21:10:00,SP-FUTURE,ASK,3061.0,1349
21:10:00,ESX-FUTURE,ASK,3007.0,7
21:10:01,SP-FUTURE,BID,3061.0,386
21:10:01,SP-FUTURE,ASK,3061.0,769
21:10:02,SP-FUTURE,BID,3061.0,1098
21:10:02,ESX-FUTURE,BID,3006.0,1254
21:10:02,ESX-FUTURE,BID,3006.0,1140
21:10:04,ESX-FUTURE,BID,3006.0,545
21:10:04,SP-FUTURE,ASK,3061.0,1277
21:10:05,SP-FUTURE,ASK,3061.0,1881
21:10:05,ESX-FUTURE,BID,3010.0,245
21:10:06,ESX-FUTURE,BID,3010.0,677
21:10:07,SP-FUTURE,BID,3060.0,22
21:10:07,ESX-FUTURE,BID,3010.0,647
21:10:07,SP-FUTURE,BID,3060.0,832
21:10:08,SP-FUTURE,ASK,3060.0,514
21:10:09,ESX-FUTURE,BID,3009.0,385
21:10:09,SP-FUTURE,ASK,3060.0,715
21:10:09,ESX-FUTURE,ASK,3010.0,50
21:10:10,ESX-FUTURE,ASK,3010.0,802
21:10:10,ESX-FUTURE,BID,3010.0,403
21:10:11,SP-FUTURE,ASK,3060.0,37
21:10:11,ESX-FUTURE,ASK,3010.0,1375
21:10:12,SP-FUTURE,BID,3060.0,116
21:10:13,ESX-FUTURE,ASK,3010.0,132
21:10:13,SP-FUTURE,BID,3060.0,18
21:10:13,SP-FUTURE,ASK,3061.0,778
21:10:14,ESX-FUTURE,BID,3010.0,24
21:10:14,SP-FUTURE,ASK,3061.0,788
21:10:15,ESX-FUTURE,BID,3010.0,99
21:10:15,SP-FUTURE,ASK,3060.0,85
21:10:16,ESX-FUTURE,BID,3010.0,398
21:10:16,SP-FUTURE,BID,3060.0,223
21:10:17,ESX-FUTURE,ASK,3010.0,1035
21:10:17,ESX-FUTURE,ASK,3010.0,139
21:10:18,SP-FUTURE,ASK,3061.0,917
21:10:19,SP-FUTURE,BID,3061.0,261
21:10:19,ESX-FUTURE,BID,3010.0,458
21:10:20,SP-FUTURE,BID,3061.0,1040
21:10:21,ESX-FUTURE,ASK,3010.0,813
21:10:21,SP-FUTURE,BID,3061.0,664
21:10:22,ESX-FUTURE,ASK,3010.0,52
21:10:23,SP-FUTURE,BID,3061.0,36
21:10:23,ESX-FUTURE,BID,3010.0,1159
21:10:24,ESX-FUTURE,BID,3010.0,755
21:10:25,ESX-FUTURE,ASK,3010.0,732
21:10:25,SP-FUTURE,ASK,3060.0,14
21:10:26,SP-FUTURE,BID,3060.0,97
21:10:26,ESX-FUTURE,ASK,3010.0,5
21:10:27,ESX-FUTURE,ASK,3010.0,1384
21:10:27,SP-FUTURE,ASK,3061.0,571
21:10:28,ESX-FUTURE,ASK,3010.0,678
21:10:28,SP-FUTURE,BID,3061.0,174
21:10:29,ESX-FUTURE,ASK,3010.0,1660
21:10:29,SP-FUTURE,ASK,3063.0,165
21:10:29,ESX-FUTURE,ASK,3010.0,410
21:10:30,ESX-FUTURE,ASK,3010.0,986
21:10:30,SP-FUTURE,ASK,3063.0,563
21:10:31,ESX-FUTURE,BID,3010.0,1427
21:10:31,ESX-FUTURE,BID,3010.0,293
21:10:32,SP-FUTURE,BID,3062.0,993
21:10:33,SP-FUTURE,ASK,3062.0,181
21:10:33,ESX-FUTURE,BID,3009.0,850
21:10:33,ESX-FUTURE,BID,3009.0,181
21:10:33,ESX-FUTURE,ASK,3009.0,285
21:10:34,ESX-FUTURE,ASK,3009.0,341
21:10:35,SP-FUTURE,BID,3062.0,79
21:10:35,SP-FUTURE,ASK,3062.0,1697
21:10:36,SP-FUTURE,ASK,3062.0,2430
21:10:36,ESX-FUTURE,ASK,3013.0,159
21:10:37,SP-FUTURE,BID,3062.0,377
21:10:37,SP-FUTURE,BID,3062.0,519
21:10:38,ESX-FUTURE,ASK,3013.0,16
21:10:38,SP-FUTURE,BID,3062.0,508
21:10:38,SP-FUTURE,BID,3062.0,150
21:10:38,ESX-FUTURE,BID,3012.0,1641
21:10:39,ESX-FUTURE,ASK,3013.0,102
21:10:39,ESX-FUTURE,BID,3012.0,1647
21:10:40,SP-FUTURE,BID,3059.0,329
21:10:40,SP-FUTURE,BID,3059.0,176
21:10:40,ESX-FUTURE,ASK,3013.0,2199
21:10:40,ESX-FUTURE,ASK,3013.0,30
21:10:41,SP-FUTURE,ASK,3060.0,568
21:10:41,ESX-FUTURE,BID,3013.0,380
21:10:41,SP-FUTURE,ASK,3060.0,358
21:10:42,SP-FUTURE,BID,3060.0,81
21:10:42,ESX-FUTURE,ASK,3013.0,1247
21:10:43,SP-FUTURE,ASK,3061.0,14
21:10:43,SP-FUTURE,BID,3061.0,416
21:10:43,ESX-FUTURE,ASK,3013.0,17
21:10:44,ESX-FUTURE,ASK,3013.0,232
21:10:45,SP-FUTURE,ASK,3062.0,257
21:10:46,SP-FUTURE,BID,3061.0,150
21:10:46,ESX-FUTURE,ASK,3013.0,123
21:10:46,ESX-FUTURE,BID,3013.0,238
21:10:46,SP-FUTURE,ASK,3061.0,29
21:10:47,ESX-FUTURE,BID,3013.0,555
21:10:47,SP-FUTURE,ASK,3061.0,21
21:10:48,ESX-FUTURE,BID,3013.0,196
21:10:48,ESX-FUTURE,ASK,3013.0,1071
21:10:49,SP-FUTURE,BID,3062.0,88
21:10:49,ESX-FUTURE,BID,3013.0,443
21:10:49,SP-FUTURE,ASK,3062.0,139
21:10:51,ESX-FUTURE,ASK,3013.0,973
21:10:52,SP-FUTURE,BID,3062.0,444
21:10:52,ESX-FUTURE,BID,3012.0,612
21:10:53,SP-FUTURE,ASK,3062.0,1558
21:10:53,SP-FUTURE,ASK,3062.0,1336
21:10:53,ESX-FUTURE,ASK,3015.0,111
21:10:53,SP-FUTURE,ASK,3062.0,582
21:10:55,ESX-FUTURE,BID,3015.0,79
21:10:55,SP-FUTURE,BID,3062.0,169
21:10:55,ESX-FUTURE,BID,3015.0,163
21:10:55,ESX-FUTURE,BID,3015.0,122
21:10:55,SP-FUTURE,ASK,3062.0,1347
21:10:56,ESX-FUTURE,BID,3015.0,1192
21:10:56,SP-FUTURE,BID,3061.0,1110
21:10:57,ESX-FUTURE,ASK,3015.0,2346
21:10:57,ESX-FUTURE,ASK,3015.0,223
21:10:58,ESX-FUTURE,ASK,3015.0,1554
21:10:58,SP-FUTURE,ASK,3065.0,106
21:10:59,ESX-FUTURE,ASK,3015.0,529
21:10:59,SP-FUTURE,ASK,3066.0,1223
21:11:00,SP-FUTURE,BID,3065.0,661
21:11:00,ESX-FUTURE,BID,3015.0,3
21:11:01,SP-FUTURE,ASK,3066.0,748
21:11:01,ESX-FUTURE,ASK,3016.0,124
21:11:02,SP-FUTURE,BID,3065.0,334
21:11:02,ESX-FUTURE,ASK,3016.0,531
21:11:02,ESX-FUTURE,ASK,3016.0,827
21:11:03,SP-FUTURE,ASK,3066.0,201
21:11:04,SP-FUTURE,ASK,3066.0,114
21:11:05,ESX-FUTURE,BID,3015.0,1585
21:11:05,SP-FUTURE,ASK,3066.0,1670
21:11:05,ESX-FUTURE,ASK,3016.0,11
21:11:06,ESX-FUTURE,BID,3015.0,1255
21:11:06,SP-FUTURE,ASK,3066.0,101
21:11:07,SP-FUTURE,ASK,3066.0,270
21:11:07,ESX-FUTURE,ASK,3016.0,1129
21:11:07,SP-FUTURE,BID,3066.0,1648
21:11:08,SP-FUTURE,ASK,3067.0,350
21:11:08,ESX-FUTURE,BID,3015.0,838
21:11:09,SP-FUTURE,BID,3066.0,279
21:11:09,ESX-FUTURE,BID,3015.0,31
21:11:10,SP-FUTURE,ASK,3066.0,1338
21:11:10,ESX-FUTURE,BID,3015.0,1012
21:11:11,SP-FUTURE,BID,3065.0,1089
21:11:11,ESX-FUTURE,ASK,3015.0,202
21:11:12,ESX-FUTURE,BID,3015.0,309
21:11:12,SP-FUTURE,ASK,3066.0,322
21:11:12,SP-FUTURE,ASK,3066.0,134
21:11:13,ESX-FUTURE,BID,3015.0,260
21:11:14,SP-FUTURE,BID,3065.0,190
21:11:14,ESX-FUTURE,BID,3015.0,18
21:11:15,SP-FUTURE,BID,3065.0,716
21:11:15,SP-FUTURE,BID,3065.0,29
21:11:15,ESX-FUTURE,ASK,3015.0,113
21:11:16,SP-FUTURE,ASK,3066.0,599
21:11:17,ESX-FUTURE,BID,3015.0,305
21:11:17,ESX-FUTURE,BID,3015.0,700
21:11:18,ESX-FUTURE,ASK,3015.0,298
21:11:18,ESX-FUTURE,ASK,3015.0,574
21:11:19,SP-FUTURE,BID,3066.0,24
21:11:20,ESX-FUTURE,ASK,3015.0,148
21:11:20,SP-FUTURE,BID,3066.0,254
21:11:20,ESX-FUTURE,BID,3015.0,579
21:11:20,ESX-FUTURE,BID,3015.0,323
21:11:20,SP-FUTURE,BID,3065.0,729
21:11:20,SP-FUTURE,BID,3065.0,322
21:11:22,SP-FUTURE,BID,3065.0,377
21:11:22,ESX-FUTURE,ASK,3014.0,47
21:11:23,SP-FUTURE,BID,3065.0,475
21:11:24,ESX-FUTURE,ASK,3014.0,416
21:11:24,ESX-FUTURE,ASK,3014.0,966
21:11:25,ESX-FUTURE,ASK,3014.0,282
21:11:25,SP-FUTURE,ASK,3066.0,53
21:11:26,SP-FUTURE,BID,3066.0,277
21:11:26,ESX-FUTURE,BID,3014.0,12
21:11:27,SP-FUTURE,BID,3066.0,49
21:11:28,ESX-FUTURE,BID,3014.0,87
21:11:28,SP-FUTURE,BID,3066.0,159
21:11:29,SP-FUTURE,BID,3066.0,17
21:11:29,ESX-FUTURE,ASK,3014.0,462
21:11:30,SP-FUTURE,ASK,3067.0,1170
21:11:31,ESX-FUTURE,ASK,3014.0,107
21:11:32,ESX-FUTURE,ASK,3014.0,111
21:11:32,SP-FUTURE,ASK,3067.0,799
21:11:32,SP-FUTURE,BID,3066.0,156
21:11:32,ESX-FUTURE,ASK,3014.0,650
21:11:33,ESX-FUTURE,BID,3014.0,115
21:11:33,SP-FUTURE,BID,3067.0,2
21:11:33,ESX-FUTURE,ASK,3014.0,240
21:11:34,ESX-FUTURE,ASK,3014.0,234
21:11:34,SP-FUTURE,ASK,3067.0,499
21:11:36,SP-FUTURE,ASK,3067.0,94
21:11:36,ESX-FUTURE,ASK,3015.0,5
21:11:37,SP-FUTURE,ASK,3067.0,81
21:11:37,ESX-FUTURE,BID,3014.0,356
21:11:38,SP-FUTURE,ASK,3067.0,48
21:11:38,ESX-FUTURE,BID,3015.0,44
21:11:38,SP-FUTURE,BID,3067.0,1895
21:11:39,ESX-FUTURE,BID,3012.0,71
21:11:39,SP-FUTURE,ASK,3067.0,205
21:11:40,ESX-FUTURE,BID,3012.0,11
21:11:40,SP-FUTURE,BID,3067.0,572
21:11:40,SP-FUTURE,ASK,3067.0,458
21:11:41,ESX-FUTURE,ASK,3013.0,1493
21:11:41,SP-FUTURE,ASK,3068.0,66
21:11:42,SP-FUTURE,ASK,3068.0,224
21:11:43,ESX-FUTURE,ASK,3013.0,1935
21:11:44,ESX-FUTURE,BID,3012.0,26
21:11:44,SP-FUTURE,ASK,3070.0,1428
21:11:44,ESX-FUTURE,ASK,3014.0,361
21:11:44,ESX-FUTURE,BID,3013.0,1985
21:11:45,ESX-FUTURE,ASK,3014.0,457
21:11:46,SP-FUTURE,ASK,3069.0,686
21:11:46,ESX-FUTURE,BID,3014.0,55
21:11:47,ESX-FUTURE,ASK,3014.0,2510
21:11:47,ESX-FUTURE,BID,3014.0,49
21:11:48,SP-FUTURE,BID,3072.0,957
21:11:48,ESX-FUTURE,BID,3013.0,487
21:11:48,ESX-FUTURE,BID,3013.0,358
21:11:48,ESX-FUTURE,BID,3013.0,424
21:11:49,SP-FUTURE,BID,3071.0,709
21:11:50,ESX-FUTURE,BID,3013.0,260
21:11:50,ESX-FUTURE,BID,3013.0,1254
21:11:51,SP-FUTURE,BID,3070.0,256
21:11:51,ESX-FUTURE,ASK,3013.0,262
21:11:52,ESX-FUTURE,BID,3013.0,68
21:11:52,SP-FUTURE,BID,3070.0,886
21:11:52,SP-FUTURE,ASK,3070.0,51
21:11:53,SP-FUTURE,BID,3070.0,258
21:11:53,ESX-FUTURE,BID,3013.0,1636
21:11:54,SP-FUTURE,BID,3068.0,238
21:11:54,ESX-FUTURE,ASK,3013.0,24
21:11:56,ESX-FUTURE,ASK,3013.0,27
21:11:56,SP-FUTURE,ASK,3069.0,72
21:11:56,SP-FUTURE,BID,3068.0,357
21:11:57,SP-FUTURE,BID,3068.0,165
21:11:57,ESX-FUTURE,BID,3013.0,46
21:11:57,SP-FUTURE,ASK,3069.0,19
21:11:58,ESX-FUTURE,ASK,3013.0,212
21:11:58,ESX-FUTURE,BID,3013.0,101
21:11:59,SP-FUTURE,BID,3068.0,2068
21:11:59,ESX-FUTURE,BID,3010.0,1635
21:11:59,SP-FUTURE,BID,3067.0,93
21:12:00,SP-FUTURE,BID,3067.0,258
21:12:00,ESX-FUTURE,ASK,3010.0,733
21:12:00,ESX-FUTURE,ASK,3010.0,507
21:12:00,SP-FUTURE,BID,3068.0,109
21:12:01,ESX-FUTURE,ASK,3010.0,173
21:12:02,SP-FUTURE,ASK,3068.0,526
21:12:02,SP-FUTURE,BID,3068.0,189
21:12:02,ESX-FUTURE,BID,3010.0,142
21:12:03,ESX-FUTURE,BID,3010.0,438
21:12:03,SP-FUTURE,ASK,3068.0,1207
21:12:03,ESX-FUTURE,ASK,3011.0,136
21:12:04,SP-FUTURE,BID,3067.0,209
21:12:05,ESX-FUTURE,BID,3011.0,132
21:12:05,SP-FUTURE,ASK,3068.0,1398
21:12:05,ESX-FUTURE,ASK,3012.0,1496
21:12:06,ESX-FUTURE,BID,3011.0,611
21:12:07,SP-FUTURE,BID,3068.0,236
21:12:08,ESX-FUTURE,BID,3011.0,3
21:12:09,SP-FUTURE,ASK,3068.0,905
21:12:09,SP-FUTURE,BID,3068.0,59
21:12:10,ESX-FUTURE,ASK,3012.0,221
21:12:10,ESX-FUTURE,BID,3012.0,81
21:12:10,SP-FUTURE,BID,3068.0,673
21:12:10,ESX-FUTURE,BID,3011.0,642
21:12:10,ESX-FUTURE,ASK,3012.0,384
21:12:11,SP-FUTURE,ASK,3068.0,221
21:12:11,ESX-FUTURE,ASK,3012.0,321
21:12:12,ESX-FUTURE,ASK,3012.0,106
21:12:12,SP-FUTURE,ASK,3068.0,16
21:12:13,ESX-FUTURE,BID,3011.0,1365
21:12:13,ESX-FUTURE,BID,3011.0,619
21:12:14,SP-FUTURE,BID,3067.0,230
21:12:14,ESX-FUTURE,BID,3011.0,362
21:12:15,SP-FUTURE,BID,3067.0,1842
21:12:16,SP-FUTURE,BID,3067.0,814
21:12:16,ESX-FUTURE,ASK,3010.0,900
21:12:16,ESX-FUTURE,BID,3010.0,1520
21:12:16,SP-FUTURE,BID,3066.0,1005
21:12:17,ESX-FUTURE,BID,3010.0,630
21:12:17,SP-FUTURE,BID,3066.0,580
21:12:18,SP-FUTURE,BID,3066.0,595
21:12:18,ESX-FUTURE,ASK,3009.0,896
21:12:19,ESX-FUTURE,ASK,3009.0,218
21:12:19,SP-FUTURE,ASK,3067.0,298
21:12:20,ESX-FUTURE,ASK,3010.0,1191
21:12:21,SP-FUTURE,ASK,3067.0,2155
21:12:21,ESX-FUTURE,BID,3012.0,208
21:12:22,SP-FUTURE,ASK,3067.0,820
21:12:22,ESX-FUTURE,BID,3012.0,529
21:12:23,SP-FUTURE,BID,3066.0,1011
21:12:24,SP-FUTURE,BID,3066.0,121
21:12:24,ESX-FUTURE,ASK,3011.0,60
21:12:25,SP-FUTURE,ASK,3067.0,749
21:12:25,ESX-FUTURE,BID,3012.0,315
21:12:26,ESX-FUTURE,ASK,3012.0,673
21:12:27,SP-FUTURE,BID,3067.0,488
21:12:27,SP-FUTURE,ASK,3067.0,684
21:12:28,ESX-FUTURE,BID,3012.0,710
21:12:28,SP-FUTURE,BID,3066.0,29
21:12:28,SP-FUTURE,BID,3066.0,45
21:12:29,ESX-FUTURE,ASK,3012.0,1813
21:12:30,SP-FUTURE,ASK,3069.0,958
21:12:30,ESX-FUTURE,BID,3012.0,1619
21:12:31,SP-FUTURE,ASK,3068.0,589
21:12:31,ESX-FUTURE,ASK,3013.0,385
21:12:32,SP-FUTURE,BID,3068.0,227
21:12:32,ESX-FUTURE,ASK,3013.0,372
21:12:33,SP-FUTURE,ASK,3068.0,152
21:12:34,ESX-FUTURE,BID,3012.0,295
21:12:34,SP-FUTURE,BID,3068.0,595
21:12:35,SP-FUTURE,ASK,3068.0,662
21:12:36,ESX-FUTURE,ASK,3013.0,629
21:12:36,SP-FUTURE,BID,3069.0,37
21:12:36,ESX-FUTURE,BID,3013.0,755
21:12:37,SP-FUTURE,ASK,3069.0,2656
21:12:37,ESX-FUTURE,BID,3013.0,116
21:12:38,SP-FUTURE,ASK,3068.0,72
21:12:38,SP-FUTURE,ASK,3068.0,43
21:12:38,ESX-FUTURE,BID,3013.0,380
21:12:39,SP-FUTURE,ASK,3068.0,207
21:12:39,ESX-FUTURE,ASK,3014.0,1467
21:12:40,SP-FUTURE,ASK,3069.0,36
21:12:40,ESX-FUTURE,ASK,3014.0,2444
21:12:41,ESX-FUTURE,BID,3013.0,53
21:12:41,SP-FUTURE,BID,3072.0,201
21:12:42,SP-FUTURE,ASK,3072.0,316
21:12:42,ESX-FUTURE,BID,3013.0,293
21:12:43,SP-FUTURE,ASK,3072.0,344
21:12:43,ESX-FUTURE,ASK,3014.0,229
21:12:44,SP-FUTURE,BID,3072.0,906
21:12:45,ESX-FUTURE,ASK,3013.0,1612
21:12:45,SP-FUTURE,ASK,3073.0,812
21:12:45,SP-FUTURE,BID,3072.0,300
21:12:46,ESX-FUTURE,BID,3013.0,670
21:12:46,SP-FUTURE,ASK,3072.0,2075
21:12:47,ESX-FUTURE,BID,3014.0,154
21:12:48,SP-FUTURE,ASK,3072.0,1573
21:12:48,ESX-FUTURE,BID,3014.0,55
21:12:48,SP-FUTURE,ASK,3072.0,5
21:12:49,ESX-FUTURE,BID,3014.0,624
21:12:50,SP-FUTURE,BID,3072.0,281
21:12:50,SP-FUTURE,BID,3072.0,101
21:12:51,ESX-FUTURE,BID,3014.0,353
21:12:52,ESX-FUTURE,BID,3014.0,114
21:12:52,ESX-FUTURE,ASK,3015.0,1789
21:12:52,SP-FUTURE,BID,3072.0,72
21:12:53,SP-FUTURE,BID,3072.0,415
21:12:53,SP-FUTURE,ASK,3073.0,84
21:12:53,ESX-FUTURE,BID,3014.0,165
21:12:53,SP-FUTURE,ASK,3073.0,1679
21:12:55,ESX-FUTURE,ASK,3015.0,781
21:12:55,SP-FUTURE,ASK,3073.0,154
21:12:56,SP-FUTURE,BID,3073.0,266
21:12:56,ESX-FUTURE,ASK,3015.0,57
21:12:57,SP-FUTURE,ASK,3073.0,698
21:12:57,ESX-FUTURE,ASK,3016.0,406
21:12:58,SP-FUTURE,ASK,3073.0,50
21:12:58,SP-FUTURE,ASK,3073.0,188
21:12:58,ESX-FUTURE,ASK,3016.0,117
21:12:59,ESX-FUTURE,ASK,3016.0,326
21:12:59,SP-FUTURE,ASK,3073.0,918
21:12:59,SP-FUTURE,BID,3073.0,143
21:13:00,ESX-FUTURE,ASK,3016.0,182
21:13:00,SP-FUTURE,BID,3073.0,1499
21:13:01,ESX-FUTURE,BID,3016.0,59
21:13:01,SP-FUTURE,ASK,3073.0,36
21:13:02,SP-FUTURE,BID,3073.0,770
21:13:03,ESX-FUTURE,ASK,3016.0,345
21:13:03,SP-FUTURE,BID,3073.0,18
21:13:04,ESX-FUTURE,BID,3016.0,2253
21:13:04,SP-FUTURE,ASK,3071.0,727
21:13:05,ESX-FUTURE,ASK,3016.0,213
21:13:05,ESX-FUTURE,BID,3016.0,653
21:13:06,SP-FUTURE,BID,3070.0,814
21:13:06,ESX-FUTURE,ASK,3016.0,655
21:13:07,SP-FUTURE,BID,3071.0,838
21:13:07,SP-FUTURE,ASK,3071.0,682
21:13:07,SP-FUTURE,BID,3071.0,1263
21:13:08,ESX-FUTURE,BID,3015.0,420
21:13:08,SP-FUTURE,BID,3071.0,237
21:13:09,ESX-FUTURE,ASK,3015.0,2106
21:13:09,SP-FUTURE,ASK,3072.0,134
21:13:10,SP-FUTURE,ASK,3072.0,117
21:13:10,ESX-FUTURE,ASK,3015.0,983
21:13:11,SP-FUTURE,BID,3072.0,122
21:13:11,ESX-FUTURE,ASK,3015.0,577
21:13:11,ESX-FUTURE,BID,3015.0,485
21:13:13,SP-FUTURE,ASK,3072.0,2390
21:13:13,ESX-FUTURE,BID,3018.0,75
21:13:14,SP-FUTURE,ASK,3072.0,300
21:13:15,ESX-FUTURE,ASK,3019.0,242
21:13:15,ESX-FUTURE,BID,3018.0,29
21:13:15,SP-FUTURE,ASK,3072.0,1165
21:13:15,SP-FUTURE,ASK,3072.0,343
21:13:16,SP-FUTURE,ASK,3072.0,549
21:13:16,SP-FUTURE,ASK,3072.0,783
21:13:16,SP-FUTURE,ASK,3072.0,400
21:13:17,SP-FUTURE,ASK,3072.0,1879
21:13:17,ESX-FUTURE,BID,3021.0,392
21:13:17,SP-FUTURE,BID,3072.0,504
21:13:18,SP-FUTURE,ASK,3072.0,176
21:13:18,ESX-FUTURE,ASK,3021.0,198
21:13:18,ESX-FUTURE,BID,3021.0,99
21:13:19,SP-FUTURE,ASK,3072.0,252
21:13:19,SP-FUTURE,BID,3072.0,859
21:13:19,ESX-FUTURE,BID,3021.0,346
21:13:19,SP-FUTURE,ASK,3072.0,122
21:13:20,SP-FUTURE,ASK,3072.0,276
21:13:20,ESX-FUTURE,BID,3021.0,94
21:13:21,SP-FUTURE,ASK,3072.0,661
21:13:22,SP-FUTURE,ASK,3072.0,589
21:13:22,ESX-FUTURE,BID,3022.0,341
21:13:23,SP-FUTURE,ASK,3072.0,172
21:13:23,ESX-FUTURE,ASK,3022.0,688
21:13:23,SP-FUTURE,ASK,3072.0,1197
21:13:23,ESX-FUTURE,BID,3022.0,401
21:13:24,SP-FUTURE,ASK,3072.0,58
21:13:24,ESX-FUTURE,BID,3022.0,760
21:13:24,SP-FUTURE,BID,3072.0,1929
21:13:25,ESX-FUTURE,BID,3021.0,1042
21:13:25,ESX-FUTURE,ASK,3021.0,1110
21:13:26,ESX-FUTURE,BID,3021.0,1135
21:13:26,SP-FUTURE,ASK,3071.0,204
21:13:27,SP-FUTURE,BID,3071.0,823
21:13:27,ESX-FUTURE,BID,3021.0,43
21:13:28,SP-FUTURE,BID,3071.0,1305
21:13:28,ESX-FUTURE,ASK,3020.0,7
21:13:30,SP-FUTURE,ASK,3071.0,363
21:13:30,ESX-FUTURE,BID,3020.0,461
21:13:31,ESX-FUTURE,BID,3020.0,1240
21:13:31,SP-FUTURE,BID,3070.0,16
21:13:32,SP-FUTURE,BID,3070.0,206
21:13:32,ESX-FUTURE,ASK,3020.0,1202
21:13:32,SP-FUTURE,BID,3071.0,1864
21:13:33,ESX-FUTURE,BID,3019.0,1127
21:13:34,SP-FUTURE,ASK,3070.0,77
21:13:35,SP-FUTURE,ASK,3070.0,22
21:13:35,ESX-FUTURE,ASK,3020.0,651
21:13:36,SP-FUTURE,BID,3070.0,543
21:13:36,ESX-FUTURE,BID,3019.0,464
21:13:37,SP-FUTURE,ASK,3071.0,744
21:13:37,ESX-FUTURE,BID,3020.0,86
21:13:38,SP-FUTURE,BID,3070.0,281
21:13:38,ESX-FUTURE,BID,3019.0,46
21:13:39,ESX-FUTURE,ASK,3020.0,249
21:13:40,SP-FUTURE,ASK,3071.0,64
21:13:40,ESX-FUTURE,ASK,3020.0,1039
21:13:40,SP-FUTURE,ASK,3072.0,203
21:13:41,ESX-FUTURE,BID,3019.0,1922
21:13:41,SP-FUTURE,BID,3069.0,3
21:13:42,ESX-FUTURE,ASK,3020.0,657
21:13:42,SP-FUTURE,BID,3069.0,1412
21:13:42,ESX-FUTURE,ASK,3018.0,150
21:13:43,SP-FUTURE,ASK,3070.0,614
21:13:43,ESX-FUTURE,ASK,3019.0,1539
21:13:44,ESX-FUTURE,BID,3018.0,189
21:13:44,SP-FUTURE,ASK,3071.0,78
21:13:46,SP-FUTURE,ASK,3071.0,1462
21:13:46,ESX-FUTURE,BID,3019.0,500
21:13:46,SP-FUTURE,BID,3070.0,506
21:13:47,SP-FUTURE,ASK,3070.0,1034
21:13:47,ESX-FUTURE,ASK,3019.0,628
21:13:47,ESX-FUTURE,BID,3019.0,41
21:13:48,ESX-FUTURE,BID,3019.0,25
21:13:49,ESX-FUTURE,BID,3019.0,55
21:13:49,SP-FUTURE,ASK,3070.0,110
21:13:50,ESX-FUTURE,BID,3019.0,15
21:13:50,SP-FUTURE,BID,3070.0,558
21:13:51,ESX-FUTURE,ASK,3019.0,392
21:13:51,SP-FUTURE,ASK,3070.0,581
21:13:52,ESX-FUTURE,BID,3019.0,82
21:13:52,SP-FUTURE,BID,3070.0,512
21:13:53,SP-FUTURE,ASK,3070.0,467
21:13:53,ESX-FUTURE,ASK,3019.0,798
21:13:54,ESX-FUTURE,ASK,3019.0,193
21:13:54,ESX-FUTURE,ASK,3019.0,798
21:13:55,SP-FUTURE,ASK,3072.0,127
21:13:56,ESX-FUTURE,ASK,3019.0,55
21:13:56,SP-FUTURE,BID,3071.0,1169
21:13:57,ESX-FUTURE,ASK,3019.0,102
21:13:57,SP-FUTURE,ASK,3072.0,55
21:13:58,ESX-FUTURE,BID,3019.0,243
21:13:58,SP-FUTURE,ASK,3072.0,306
21:13:59,ESX-FUTURE,ASK,3019.0,209
21:13:59,SP-FUTURE,BID,3071.0,430
21:14:00,SP-FUTURE,BID,3071.0,125
21:14:00,ESX-FUTURE,ASK,3019.0,953
21:14:00,SP-FUTURE,ASK,3072.0,97
21:14:01,ESX-FUTURE,ASK,3019.0,117
21:14:02,SP-FUTURE,ASK,3073.0,456
21:14:02,ESX-FUTURE,ASK,3019.0,180
21:14:03,ESX-FUTURE,ASK,3019.0,138
21:14:04,SP-FUTURE,ASK,3073.0,316
21:14:04,ESX-FUTURE,ASK,3019.0,410
21:14:04,ESX-FUTURE,BID,3019.0,47
21:14:05,ESX-FUTURE,BID,3019.0,20
21:14:06,SP-FUTURE,ASK,3073.0,404
21:14:06,ESX-FUTURE,BID,3019.0,264
21:14:07,SP-FUTURE,ASK,3073.0,2497
21:14:07,ESX-FUTURE,ASK,3021.0,882
21:14:08,ESX-FUTURE,BID,3021.0,720
21:14:08,SP-FUTURE,ASK,3072.0,412
21:14:09,SP-FUTURE,BID,3072.0,87
21:14:10,ESX-FUTURE,BID,3021.0,197
21:14:10,SP-FUTURE,ASK,3072.0,41
21:14:11,SP-FUTURE,BID,3072.0,248
21:14:11,ESX-FUTURE,BID,3021.0,959
21:14:11,SP-FUTURE,ASK,3072.0,1510
21:14:11,SP-FUTURE,BID,3071.0,284
21:14:11,ESX-FUTURE,ASK,3022.0,824
21:14:12,SP-FUTURE,BID,3071.0,2335
21:14:12,ESX-FUTURE,BID,3019.0,1455
21:14:13,ESX-FUTURE,ASK,3019.0,106
21:14:13,SP-FUTURE,BID,3071.0,106
21:14:14,ESX-FUTURE,ASK,3019.0,700
21:14:14,SP-FUTURE,BID,3071.0,45
21:14:14,SP-FUTURE,ASK,3072.0,2118
21:14:15,ESX-FUTURE,BID,3021.0,35
21:14:15,SP-FUTURE,ASK,3072.0,838
21:14:16,SP-FUTURE,ASK,3072.0,85
21:14:16,ESX-FUTURE,BID,3021.0,301
21:14:16,ESX-FUTURE,ASK,3021.0,12
21:14:16,SP-FUTURE,BID,3071.0,5
21:14:17,ESX-FUTURE,ASK,3021.0,622
21:14:18,SP-FUTURE,BID,3072.0,677
21:14:19,SP-FUTURE,BID,3072.0,457
21:14:19,ESX-FUTURE,BID,3020.0,230
21:14:19,ESX-FUTURE,ASK,3021.0,304
21:14:20,SP-FUTURE,BID,3072.0,393
21:14:20,ESX-FUTURE,BID,3020.0,1153
21:14:21,ESX-FUTURE,ASK,3020.0,295
21:14:21,ESX-FUTURE,ASK,3020.0,676
21:14:21,SP-FUTURE,ASK,3071.0,496
21:14:22,ESX-FUTURE,ASK,3021.0,207
21:14:23,SP-FUTURE,BID,3071.0,740
21:14:24,SP-FUTURE,BID,3071.0,353
21:14:24,ESX-FUTURE,ASK,3020.0,440
21:14:25,SP-FUTURE,ASK,3071.0,54
21:14:25,ESX-FUTURE,BID,3020.0,1807
21:14:27,SP-FUTURE,ASK,3071.0,585
21:14:27,ESX-FUTURE,BID,3020.0,717
21:14:28,ESX-FUTURE,BID,3020.0,491
21:14:28,SP-FUTURE,BID,3070.0,1276
21:14:29,ESX-FUTURE,BID,3019.0,171
21:14:30,SP-FUTURE,BID,3070.0,593
21:14:30,ESX-FUTURE,BID,3018.0,689
21:14:30,SP-FUTURE,ASK,3070.0,594
21:14:30,ESX-FUTURE,BID,3019.0,218
21:14:31,SP-FUTURE,BID,3069.0,370
21:14:31,ESX-FUTURE,BID,3018.0,2940
21:14:32,ESX-FUTURE,ASK,3019.0,7
21:14:33,SP-FUTURE,ASK,3066.0,745
21:14:33,SP-FUTURE,BID,3065.0,1618
21:14:33,ESX-FUTURE,ASK,3018.0,1561
21:14:34,SP-FUTURE,ASK,3067.0,708
21:14:34,ESX-FUTURE,BID,3018.0,93
21:14:35,SP-FUTURE,BID,3067.0,153
21:14:36,ESX-FUTURE,ASK,3018.0,331
21:14:36,SP-FUTURE,ASK,3067.0,283
21:14:36,SP-FUTURE,BID,3067.0,250
21:14:36,SP-FUTURE,ASK,3067.0,454
21:14:37,SP-FUTURE,BID,3067.0,825
21:14:37,ESX-FUTURE,BID,3018.0,331
21:14:38,SP-FUTURE,BID,3067.0,2310
21:14:39,ESX-FUTURE,BID,3014.0,2427
21:14:39,SP-FUTURE,BID,3064.0,19
21:14:39,ESX-FUTURE,ASK,3015.0,367
21:14:40,SP-FUTURE,ASK,3064.0,533
21:14:40,ESX-FUTURE,ASK,3015.0,236
21:14:41,SP-FUTURE,BID,3064.0,1511
21:14:41,ESX-FUTURE,BID,3014.0,207
21:14:42,ESX-FUTURE,ASK,3014.0,195
21:14:42,SP-FUTURE,ASK,3064.0,403
21:14:43,SP-FUTURE,ASK,3064.0,66
21:14:43,ESX-FUTURE,BID,3014.0,364
21:14:44,SP-FUTURE,ASK,3064.0,280
21:14:44,ESX-FUTURE,ASK,3015.0,1553
21:14:45,SP-FUTURE,BID,3065.0,88
21:14:46,ESX-FUTURE,BID,3014.0,202
21:14:46,SP-FUTURE,ASK,3065.0,70
21:14:48,ESX-FUTURE,ASK,3015.0,428
21:14:48,SP-FUTURE,ASK,3065.0,80
21:14:49,SP-FUTURE,BID,3065.0,331
21:14:49,ESX-FUTURE,BID,3014.0,949
21:14:49,SP-FUTURE,BID,3065.0,75
21:14:50,ESX-FUTURE,BID,3014.0,219
21:14:50,SP-FUTURE,ASK,3065.0,739
21:14:50,ESX-FUTURE,ASK,3015.0,126
21:14:51,SP-FUTURE,ASK,3065.0,672
21:14:51,ESX-FUTURE,ASK,3015.0,209
21:14:51,ESX-FUTURE,BID,3014.0,748
21:14:52,ESX-FUTURE,ASK,3015.0,116
21:14:52,SP-FUTURE,BID,3065.0,1339
21:14:52,ESX-FUTURE,ASK,3014.0,82
21:14:53,SP-FUTURE,ASK,3065.0,70
21:14:54,ESX-FUTURE,BID,3013.0,2525
21:14:54,ESX-FUTURE,ASK,3014.0,4
21:14:55,SP-FUTURE,BID,3064.0,390
21:14:55,ESX-FUTURE,ASK,3014.0,298
21:14:55,SP-FUTURE,ASK,3065.0,749
21:14:56,ESX-FUTURE,BID,3014.0,1754
21:14:56,SP-FUTURE,ASK,3064.0,17
21:14:57,SP-FUTURE,ASK,3064.0,9
21:14:57,ESX-FUTURE,BID,3014.0,1056
21:14:58,SP-FUTURE,ASK,3064.0,47
21:14:58,ESX-FUTURE,BID,3014.0,1802
21:14:58,SP-FUTURE,BID,3064.0,2
21:14:59,ESX-FUTURE,BID,3014.0,2847
21:15:00,SP-FUTURE,ASK,3060.0,343
21:15:00,ESX-FUTURE,BID,3014.0,65
21:15:01,SP-FUTURE,ASK,3060.0,95
21:15:01,ESX-FUTURE,BID,3014.0,634
21:15:01,SP-FUTURE,BID,3060.0,69
21:15:02,SP-FUTURE,ASK,3060.0,16
21:15:02,ESX-FUTURE,BID,3014.0,276
21:15:03,ESX-FUTURE,BID,3014.0,132
21:15:03,SP-FUTURE,BID,3060.0,460
21:15:04,SP-FUTURE,BID,3060.0,1503
21:15:04,ESX-FUTURE,BID,3013.0,1435
21:15:05,ESX-FUTURE,BID,3013.0,2410
21:15:05,SP-FUTURE,BID,3056.0,15
21:15:06,SP-FUTURE,BID,3056.0,48
21:15:07,ESX-FUTURE,ASK,3013.0,427
21:15:07,SP-FUTURE,ASK,3056.0,14
21:15:07,ESX-FUTURE,BID,3013.0,1871
21:15:08,SP-FUTURE,BID,3055.0,853
21:15:08,ESX-FUTURE,BID,3013.0,283
21:15:09,SP-FUTURE,BID,3055.0,617
21:15:09,ESX-FUTURE,ASK,3012.0,53
21:15:10,ESX-FUTURE,ASK,3012.0,14
21:15:10,SP-FUTURE,ASK,3055.0,626
21:15:10,ESX-FUTURE,ASK,3013.0,640
21:15:11,ESX-FUTURE,BID,3012.0,2316
21:15:12,SP-FUTURE,BID,3052.0,34
21:15:12,SP-FUTURE,BID,3052.0,164
21:15:12,ESX-FUTURE,ASK,3013.0,260
21:15:13,ESX-FUTURE,ASK,3013.0,182
21:15:14,SP-FUTURE,BID,3052.0,353
21:15:14,ESX-FUTURE,BID,3012.0,246
21:15:14,SP-FUTURE,ASK,3053.0,1066
21:15:15,SP-FUTURE,BID,3052.0,302
21:15:16,ESX-FUTURE,BID,3013.0,1669
21:15:16,SP-FUTURE,ASK,3052.0,2237
21:15:17,SP-FUTURE,ASK,3052.0,921
21:15:17,ESX-FUTURE,ASK,3013.0,2
21:15:18,SP-FUTURE,ASK,3052.0,1114
21:15:18,ESX-FUTURE,BID,3013.0,44
21:15:18,ESX-FUTURE,BID,3013.0,7
21:15:19,ESX-FUTURE,ASK,3013.0,1378
21:15:19,SP-FUTURE,ASK,3052.0,1578
21:15:20,ESX-FUTURE,ASK,3014.0,126
21:15:20,SP-FUTURE,BID,3052.0,305
21:15:20,ESX-FUTURE,ASK,3014.0,17
21:15:20,ESX-FUTURE,BID,3013.0,1388
21:15:21,SP-FUTURE,BID,3051.0,58
21:15:21,SP-FUTURE,ASK,3052.0,115
21:15:22,ESX-FUTURE,BID,3014.0,5
21:15:23,SP-FUTURE,BID,3051.0,646
21:15:23,ESX-FUTURE,BID,3013.0,48
21:15:24,SP-FUTURE,ASK,3052.0,17
21:15:24,SP-FUTURE,BID,3051.0,152
21:15:25,ESX-FUTURE,BID,3013.0,165
21:15:26,SP-FUTURE,BID,3051.0,98
21:15:26,ESX-FUTURE,BID,3013.0,270
21:15:26,SP-FUTURE,ASK,3052.0,1560
21:15:28,ESX-FUTURE,BID,3015.0,40
21:15:29,SP-FUTURE,ASK,3052.0,967
21:15:29,ESX-FUTURE,ASK,3015.0,331
21:15:30,SP-FUTURE,BID,3051.0,1677
21:15:30,ESX-FUTURE,BID,3014.0,116
21:15:30,SP-FUTURE,BID,3051.0,380
21:15:31,ESX-FUTURE,BID,3014.0,91
21:15:31,SP-FUTURE,ASK,3052.0,227
21:15:32,ESX-FUTURE,BID,3014.0,1013
21:15:33,SP-FUTURE,BID,3051.0,82
21:15:33,ESX-FUTURE,ASK,3014.0,20
21:15:33,SP-FUTURE,BID,3051.0,161
21:15:33,SP-FUTURE,BID,3051.0,316
21:15:33,ESX-FUTURE,BID,3014.0,343
21:15:34,SP-FUTURE,ASK,3051.0,555
21:15:35,SP-FUTURE,BID,3051.0,467
21:15:35,ESX-FUTURE,BID,3014.0,3
21:15:36,ESX-FUTURE,ASK,3014.0,1485
21:15:37,SP-FUTURE,BID,3052.0,128
21:15:37,ESX-FUTURE,ASK,3014.0,6
21:15:38,SP-FUTURE,BID,3052.0,162
21:15:39,ESX-FUTURE,ASK,3014.0,155
21:15:39,SP-FUTURE,BID,3052.0,123
21:15:39,ESX-FUTURE,BID,3014.0,2428
21:15:40,SP-FUTURE,BID,3049.0,1953
21:15:40,ESX-FUTURE,BID,3012.0,127
21:15:42,ESX-FUTURE,ASK,3012.0,116
21:15:42,SP-FUTURE,BID,3049.0,2015
21:15:42,SP-FUTURE,ASK,3049.0,129
21:15:43,ESX-FUTURE,BID,3009.0,552
21:15:43,SP-FUTURE,BID,3048.0,1167
21:15:44,SP-FUTURE,ASK,3049.0,13
21:15:44,SP-FUTURE,ASK,3049.0,4
21:15:44,ESX-FUTURE,BID,3009.0,447
21:15:45,SP-FUTURE,BID,3048.0,759
21:15:46,SP-FUTURE,BID,3048.0,159
21:15:46,ESX-FUTURE,BID,3008.0,23
21:15:47,ESX-FUTURE,ASK,3009.0,139
21:15:47,ESX-FUTURE,BID,3008.0,442
21:15:48,SP-FUTURE,ASK,3049.0,294
21:15:49,SP-FUTURE,BID,3048.0,210
21:15:49,ESX-FUTURE,BID,3008.0,53
21:15:50,ESX-FUTURE,BID,3008.0,557
21:15:51,SP-FUTURE,BID,3048.0,236
21:15:51,ESX-FUTURE,ASK,3009.0,473
21:15:51,ESX-FUTURE,ASK,3009.0,448
21:15:51,SP-FUTURE,ASK,3049.0,2360
21:15:53,ESX-FUTURE,ASK,3010.0,348
21:15:53,SP-FUTURE,BID,3049.0,89
21:15:54,ESX-FUTURE,ASK,3010.0,496
21:15:55,SP-FUTURE,ASK,3049.0,118
21:15:55,ESX-FUTURE,ASK,3010.0,37
21:15:55,SP-FUTURE,BID,3049.0,1266
21:15:56,SP-FUTURE,BID,3049.0,506
21:15:57,ESX-FUTURE,ASK,3009.0,68
21:15:58,SP-FUTURE,BID,3049.0,759
21:15:58,SP-FUTURE,ASK,3049.0,81
21:15:58,ESX-FUTURE,ASK,3008.0,403
21:15:58,SP-FUTURE,BID,3049.0,83
21:15:59,SP-FUTURE,ASK,3050.0,529
21:16:00,ESX-FUTURE,ASK,3008.0,690
21:16:00,SP-FUTURE,ASK,3050.0,429
21:16:00,SP-FUTURE,ASK,3050.0,85
21:16:01,ESX-FUTURE,BID,3008.0,198
21:16:01,SP-FUTURE,BID,3050.0,356
21:16:02,ESX-FUTURE,BID,3008.0,1251
21:16:02,SP-FUTURE,BID,3049.0,899
21:16:03,ESX-FUTURE,ASK,3008.0,133
21:16:03,SP-FUTURE,ASK,3049.0,783
21:16:03,SP-FUTURE,ASK,3049.0,187
21:16:04,ESX-FUTURE,ASK,3008.0,566
21:16:04,SP-FUTURE,ASK,3049.0,159
21:16:04,ESX-FUTURE,BID,3008.0,166
21:16:05,ESX-FUTURE,BID,3008.0,188
21:16:05,SP-FUTURE,ASK,3049.0,981
21:16:06,ESX-FUTURE,ASK,3009.0,329
21:16:07,SP-FUTURE,BID,3049.0,311
21:16:07,ESX-FUTURE,ASK,3009.0,620
21:16:08,SP-FUTURE,ASK,3049.0,167
21:16:09,ESX-FUTURE,BID,3009.0,812
21:16:09,ESX-FUTURE,BID,3009.0,668
21:16:10,SP-FUTURE,BID,3049.0,483
21:16:10,SP-FUTURE,ASK,3049.0,76
21:16:11,ESX-FUTURE,BID,3009.0,727
21:16:12,SP-FUTURE,BID,3049.0,22
21:16:12,ESX-FUTURE,ASK,3009.0,952
21:16:12,ESX-FUTURE,BID,3009.0,1322
21:16:13,SP-FUTURE,BID,3049.0,383
21:16:14,ESX-FUTURE,BID,3008.0,638
21:16:14,SP-FUTURE,ASK,3049.0,1855
21:16:14,ESX-FUTURE,BID,3009.0,122
21:16:15,SP-FUTURE,ASK,3049.0,39
21:16:15,ESX-FUTURE,BID,3009.0,651
21:16:15,SP-FUTURE,ASK,3048.0,892
21:16:15,ESX-FUTURE,ASK,3010.0,1273
21:16:16,ESX-FUTURE,ASK,3010.0,1183
21:16:17,SP-FUTURE,ASK,3048.0,106
21:16:17,ESX-FUTURE,ASK,3010.0,1470
21:16:18,SP-FUTURE,BID,3049.0,198
21:16:18,SP-FUTURE,BID,3049.0,540
21:16:19,ESX-FUTURE,BID,3010.0,842
21:16:20,SP-FUTURE,BID,3048.0,1022
21:16:21,ESX-FUTURE,BID,3010.0,40
21:16:21,SP-FUTURE,BID,3048.0,676
21:16:22,ESX-FUTURE,ASK,3010.0,1691
21:16:22,SP-FUTURE,BID,3049.0,422
21:16:23,ESX-FUTURE,BID,3009.0,261
21:16:23,SP-FUTURE,BID,3048.0,1323
21:16:24,ESX-FUTURE,ASK,3009.0,1067
21:16:24,SP-FUTURE,ASK,3049.0,16
21:16:24,SP-FUTURE,ASK,3049.0,857
21:16:25,ESX-FUTURE,ASK,3010.0,216
21:16:26,SP-FUTURE,ASK,3049.0,232
21:16:26,ESX-FUTURE,ASK,3010.0,708
21:16:27,SP-FUTURE,ASK,3049.0,118
21:16:28,SP-FUTURE,ASK,3049.0,96
21:16:28,ESX-FUTURE,ASK,3010.0,29
21:16:29,SP-FUTURE,BID,3049.0,2593
21:16:30,ESX-FUTURE,ASK,3006.0,33
21:16:30,SP-FUTURE,BID,3049.0,374
21:16:30,SP-FUTURE,BID,3049.0,682
21:16:31,SP-FUTURE,ASK,3049.0,4
21:16:31,ESX-FUTURE,BID,3006.0,1347
21:16:32,ESX-FUTURE,ASK,3006.0,609
21:16:33,ESX-FUTURE,ASK,3006.0,469
21:16:33,SP-FUTURE,BID,3049.0,838
21:16:34,SP-FUTURE,ASK,3049.0,343
21:16:34,ESX-FUTURE,BID,3006.0,646
21:16:35,ESX-FUTURE,ASK,3006.0,1369
21:16:35,SP-FUTURE,ASK,3050.0,1924
21:16:36,ESX-FUTURE,BID,3007.0,42
21:16:37,SP-FUTURE,BID,3050.0,51
21:16:37,ESX-FUTURE,BID,3007.0,443
21:16:37,SP-FUTURE,ASK,3050.0,8
21:16:37,ESX-FUTURE,BID,3007.0,98
21:16:38,SP-FUTURE,BID,3050.0,565
21:16:38,SP-FUTURE,BID,3050.0,335
21:16:39,ESX-FUTURE,ASK,3006.0,288
21:16:39,ESX-FUTURE,BID,3006.0,332
21:16:39,SP-FUTURE,ASK,3050.0,672
21:16:39,ESX-FUTURE,BID,3007.0,57
21:16:40,SP-FUTURE,ASK,3050.0,153
21:16:40,ESX-FUTURE,ASK,3007.0,699
21:16:41,ESX-FUTURE,BID,3007.0,214
21:16:41,SP-FUTURE,ASK,3050.0,362
21:16:41,ESX-FUTURE,ASK,3007.0,47
21:16:42,ESX-FUTURE,ASK,3007.0,38
21:16:43,SP-FUTURE,BID,3050.0,302
21:16:43,SP-FUTURE,BID,3050.0,2211
21:16:43,SP-FUTURE,BID,3050.0,499
21:16:44,ESX-FUTURE,ASK,3006.0,885
21:16:44,SP-FUTURE,ASK,3050.0,648
21:16:45,SP-FUTURE,ASK,3050.0,516
21:16:45,ESX-FUTURE,BID,3005.0,117
21:16:46,SP-FUTURE,BID,3050.0,755
21:16:46,ESX-FUTURE,BID,3005.0,957
21:16:46,ESX-FUTURE,ASK,3005.0,14
21:16:47,SP-FUTURE,BID,3050.0,130
21:16:47,ESX-FUTURE,ASK,3005.0,371
21:16:48,ESX-FUTURE,ASK,3005.0,1030
21:16:48,SP-FUTURE,ASK,3051.0,1367
21:16:49,ESX-FUTURE,BID,3006.0,336
21:16:49,SP-FUTURE,ASK,3051.0,285
21:16:50,ESX-FUTURE,BID,3006.0,12
21:16:50,ESX-FUTURE,ASK,3006.0,123
21:16:50,SP-FUTURE,BID,3050.0,770
21:16:51,SP-FUTURE,ASK,3051.0,654
21:16:51,ESX-FUTURE,ASK,3006.0,431
21:16:52,ESX-FUTURE,ASK,3006.0,221
21:16:53,ESX-FUTURE,BID,3006.0,202
21:16:53,SP-FUTURE,BID,3051.0,734
21:16:53,SP-FUTURE,BID,3051.0,114
21:16:54,ESX-FUTURE,BID,3006.0,231
21:16:54,ESX-FUTURE,ASK,3006.0,1689
21:16:55,SP-FUTURE,BID,3051.0,465
21:16:56,SP-FUTURE,ASK,3052.0,839
21:16:56,ESX-FUTURE,BID,3005.0,2046
21:16:57,SP-FUTURE,ASK,3051.0,2
21:16:57,ESX-FUTURE,ASK,3006.0,165
21:16:58,SP-FUTURE,BID,3051.0,440
21:16:58,SP-FUTURE,BID,3051.0,526
21:16:59,ESX-FUTURE,BID,3005.0,95
21:16:59,SP-FUTURE,BID,3051.0,510
21:17:00,ESX-FUTURE,ASK,3005.0,508
21:17:00,SP-FUTURE,ASK,3051.0,187
21:17:01,ESX-FUTURE,ASK,3005.0,305
21:17:01,SP-FUTURE,BID,3051.0,22
21:17:02,ESX-FUTURE,ASK,3005.0,480
21:17:02,SP-FUTURE,BID,3051.0,17
21:17:03,ESX-FUTURE,BID,3005.0,543
21:17:03,SP-FUTURE,BID,3051.0,528
21:17:04,SP-FUTURE,BID,3051.0,276
21:17:04,ESX-FUTURE,BID,3004.0,502
21:17:05,SP-FUTURE,ASK,3051.0,61
21:17:05,ESX-FUTURE,ASK,3005.0,156
21:17:06,SP-FUTURE,BID,3051.0,2003
21:17:06,ESX-FUTURE,BID,3003.0,303
21:17:07,SP-FUTURE,ASK,3051.0,435
21:17:07,ESX-FUTURE,ASK,3003.0,154
21:17:08,SP-FUTURE,ASK,3051.0,397
21:17:08,ESX-FUTURE,ASK,3004.0,265
21:17:09,SP-FUTURE,BID,3051.0,167
21:17:09,ESX-FUTURE,ASK,3004.0,427
21:17:10,ESX-FUTURE,BID,3003.0,602
21:17:11,ESX-FUTURE,ASK,3004.0,1101
21:17:11,SP-FUTURE,BID,3051.0,374
21:17:12,SP-FUTURE,ASK,3051.0,1016
21:17:12,SP-FUTURE,ASK,3051.0,466
21:17:12,ESX-FUTURE,BID,3004.0,274
21:17:13,ESX-FUTURE,ASK,3004.0,1158
21:17:14,SP-FUTURE,ASK,3052.0,599
21:17:14,SP-FUTURE,BID,3052.0,39
21:17:15,ESX-FUTURE,BID,3004.0,95
21:17:15,SP-FUTURE,ASK,3052.0,530
21:17:15,ESX-FUTURE,BID,3005.0,3
21:17:15,SP-FUTURE,ASK,3052.0,117
21:17:16,SP-FUTURE,ASK,3052.0,479
21:17:16,SP-FUTURE,BID,3052.0,1947
21:17:16,ESX-FUTURE,ASK,3003.0,149
21:17:17,SP-FUTURE,ASK,3052.0,75
21:17:17,ESX-FUTURE,BID,3002.0,90
21:17:18,ESX-FUTURE,ASK,3003.0,290
21:17:19,SP-FUTURE,ASK,3052.0,724
21:17:20,SP-FUTURE,ASK,3052.0,819
21:17:20,ESX-FUTURE,BID,3002.0,1426
21:17:21,ESX-FUTURE,BID,3002.0,1623
21:17:21,SP-FUTURE,ASK,3051.0,1336
21:17:22,SP-FUTURE,ASK,3051.0,2
21:17:22,SP-FUTURE,ASK,3051.0,779
21:17:23,SP-FUTURE,BID,3051.0,25
21:17:23,ESX-FUTURE,ASK,3004.0,1073
21:17:24,SP-FUTURE,BID,3052.0,308
21:17:24,ESX-FUTURE,ASK,3004.0,200
21:17:24,SP-FUTURE,ASK,3052.0,1011
21:17:25,ESX-FUTURE,BID,3004.0,122
21:17:26,SP-FUTURE,BID,3052.0,243
21:17:26,ESX-FUTURE,ASK,3004.0,311
21:17:27,SP-FUTURE,ASK,3052.0,264
21:17:27,ESX-FUTURE,BID,3004.0,490
21:17:27,ESX-FUTURE,ASK,3005.0,1803
21:17:27,SP-FUTURE,ASK,3053.0,407
21:17:28,SP-FUTURE,ASK,3053.0,233
21:17:29,ESX-FUTURE,ASK,3005.0,1322
21:17:29,SP-FUTURE,BID,3053.0,2484
21:17:29,SP-FUTURE,BID,3053.0,147
21:17:29,ESX-FUTURE,ASK,3003.0,328
21:17:30,ESX-FUTURE,BID,3003.0,772
21:17:30,SP-FUTURE,BID,3053.0,604
21:17:31,ESX-FUTURE,ASK,3003.0,2886
21:17:31,SP-FUTURE,ASK,3057.0,55
21:17:31,SP-FUTURE,ASK,3057.0,704
21:17:32,ESX-FUTURE,BID,3003.0,553
21:17:32,ESX-FUTURE,ASK,3003.0,191
21:17:33,SP-FUTURE,BID,3057.0,99
21:17:33,ESX-FUTURE,BID,3003.0,138
21:17:34,SP-FUTURE,BID,3057.0,2241
21:17:35,ESX-FUTURE,ASK,3003.0,621
21:17:35,ESX-FUTURE,ASK,3003.0,1783
21:17:35,SP-FUTURE,ASK,3059.0,191
21:17:35,ESX-FUTURE,ASK,3003.0,233
21:17:36,ESX-FUTURE,ASK,3003.0,417
21:17:36,SP-FUTURE,BID,3059.0,566
21:17:37,ESX-FUTURE,BID,3002.0,493
21:17:38,ESX-FUTURE,ASK,3003.0,1844
21:17:38,SP-FUTURE,ASK,3061.0,520
21:17:39,SP-FUTURE,ASK,3061.0,677
21:17:39,SP-FUTURE,BID,3061.0,447
21:17:40,SP-FUTURE,ASK,3061.0,989
21:17:40,ESX-FUTURE,ASK,3003.0,161
21:17:40,SP-FUTURE,ASK,3061.0,240
21:17:40,ESX-FUTURE,ASK,3004.0,318
21:17:42,ESX-FUTURE,ASK,3004.0,2894
21:17:42,SP-FUTURE,BID,3065.0,836
21:17:43,ESX-FUTURE,BID,3003.0,6
21:17:44,ESX-FUTURE,BID,3003.0,11
21:17:44,SP-FUTURE,BID,3065.0,1069
21:17:45,ESX-FUTURE,ASK,3003.0,68
21:17:46,SP-FUTURE,BID,3065.0,125
21:17:46,ESX-FUTURE,BID,3003.0,902
21:17:47,ESX-FUTURE,BID,3003.0,2405
21:17:47,SP-FUTURE,ASK,3062.0,538
21:17:48,SP-FUTURE,ASK,3062.0,382
21:17:48,ESX-FUTURE,BID,3004.0,315
21:17:49,SP-FUTURE,ASK,3062.0,467
21:17:50,ESX-FUTURE,ASK,3004.0,407
21:17:50,SP-FUTURE,ASK,3062.0,43
21:17:50,SP-FUTURE,BID,3062.0,108
21:17:51,ESX-FUTURE,BID,3004.0,297
21:17:51,SP-FUTURE,BID,3062.0,206
21:17:52,ESX-FUTURE,BID,3004.0,183
21:17:52,ESX-FUTURE,ASK,3004.0,1723
21:17:53,SP-FUTURE,ASK,3062.0,381
21:17:53,ESX-FUTURE,ASK,3004.0,79
21:17:54,SP-FUTURE,BID,3062.0,1146
21:17:54,SP-FUTURE,ASK,3062.0,287
21:17:54,SP-FUTURE,BID,3062.0,624
21:17:55,ESX-FUTURE,BID,3003.0,1
21:17:56,SP-FUTURE,ASK,3062.0,1442
21:17:56,SP-FUTURE,ASK,3062.0,248
21:17:56,ESX-FUTURE,ASK,3004.0,325
21:17:57,SP-FUTURE,BID,3062.0,936
21:17:58,ESX-FUTURE,ASK,3004.0,617
21:17:59,SP-FUTURE,ASK,3063.0,489
21:17:59,ESX-FUTURE,ASK,3004.0,173
21:17:59,ESX-FUTURE,BID,3004.0,165
21:18:00,ESX-FUTURE,BID,3004.0,136
21:18:00,SP-FUTURE,ASK,3063.0,1242
21:18:01,SP-FUTURE,ASK,3063.0,178
21:18:01,ESX-FUTURE,ASK,3004.0,160
21:18:03,SP-FUTURE,BID,3062.0,397
21:18:03,ESX-FUTURE,ASK,3004.0,758
21:18:03,SP-FUTURE,BID,3063.0,57
21:18:04,ESX-FUTURE,ASK,3004.0,854
21:18:05,SP-FUTURE,BID,3063.0,3
21:18:05,ESX-FUTURE,BID,3004.0,357
21:18:05,SP-FUTURE,ASK,3063.0,946
21:18:06,SP-FUTURE,ASK,3063.0,39
21:18:07,ESX-FUTURE,ASK,3005.0,545
21:18:07,ESX-FUTURE,ASK,3005.0,1381
21:18:08,ESX-FUTURE,BID,3004.0,31
21:18:08,SP-FUTURE,BID,3063.0,204
21:18:09,ESX-FUTURE,BID,3004.0,882
21:18:10,SP-FUTURE,BID,3063.0,403
21:18:10,ESX-FUTURE,ASK,3004.0,91
21:18:11,ESX-FUTURE,ASK,3004.0,26
21:18:11,SP-FUTURE,BID,3063.0,330
21:18:12,ESX-FUTURE,ASK,3004.0,253
21:18:12,ESX-FUTURE,BID,3004.0,397
21:18:13,SP-FUTURE,ASK,3063.0,280
21:18:13,SP-FUTURE,ASK,3063.0,424
21:18:14,ESX-FUTURE,ASK,3004.0,355
21:18:15,SP-FUTURE,BID,3062.0,1267
21:18:15,ESX-FUTURE,ASK,3004.0,132
21:18:16,ESX-FUTURE,BID,3004.0,123
21:18:16,SP-FUTURE,ASK,3063.0,71
21:18:17,SP-FUTURE,ASK,3063.0,218
21:18:17,ESX-FUTURE,BID,3004.0,609
21:18:17,SP-FUTURE,ASK,3062.0,61
21:18:18,SP-FUTURE,BID,3062.0,1953
21:18:18,ESX-FUTURE,BID,3004.0,830
21:18:19,SP-FUTURE,ASK,3062.0,456
21:18:19,SP-FUTURE,ASK,3062.0,12
21:18:19,ESX-FUTURE,BID,3004.0,434
21:18:20,ESX-FUTURE,BID,3004.0,113
21:18:21,SP-FUTURE,BID,3062.0,162
21:18:21,ESX-FUTURE,ASK,3004.0,296
21:18:22,SP-FUTURE,BID,3062.0,141
21:18:23,ESX-FUTURE,BID,3004.0,135
21:18:23,SP-FUTURE,ASK,3062.0,2086
21:18:24,ESX-FUTURE,ASK,3007.0,378
21:18:24,SP-FUTURE,BID,3062.0,9
21:18:24,ESX-FUTURE,BID,3006.0,523
21:18:25,ESX-FUTURE,ASK,3007.0,65
21:18:25,SP-FUTURE,ASK,3062.0,40
21:18:26,ESX-FUTURE,BID,3006.0,349
21:18:26,SP-FUTURE,BID,3062.0,405
21:18:28,ESX-FUTURE,ASK,3007.0,2
21:18:28,SP-FUTURE,BID,3062.0,551
21:18:28,ESX-FUTURE,BID,3006.0,414
21:18:29,SP-FUTURE,BID,3061.0,648
21:18:29,SP-FUTURE,ASK,3062.0,84
21:18:30,SP-FUTURE,ASK,3062.0,215
21:18:30,ESX-FUTURE,BID,3006.0,545
21:18:31,SP-FUTURE,ASK,3061.0,638
21:18:31,SP-FUTURE,BID,3061.0,1583
21:18:31,ESX-FUTURE,ASK,3005.0,424
21:18:32,ESX-FUTURE,ASK,3005.0,118
21:18:33,SP-FUTURE,BID,3061.0,134
21:18:34,ESX-FUTURE,BID,3005.0,84
21:18:34,SP-FUTURE,ASK,3062.0,1147
21:18:35,ESX-FUTURE,BID,3005.0,11
21:18:35,SP-FUTURE,BID,3061.0,21
21:18:36,SP-FUTURE,ASK,3062.0,1007
21:18:36,SP-FUTURE,ASK,3062.0,2560
21:18:36,ESX-FUTURE,BID,3009.0,2208
21:18:37,SP-FUTURE,ASK,3061.0,115
21:18:37,ESX-FUTURE,BID,3009.0,148
21:18:37,SP-FUTURE,ASK,3061.0,30
21:18:38,SP-FUTURE,BID,3061.0,870
21:18:38,ESX-FUTURE,BID,3008.0,1754
21:18:38,ESX-FUTURE,ASK,3009.0,404
21:18:39,SP-FUTURE,BID,3059.0,262
21:18:39,SP-FUTURE,ASK,3060.0,508
21:18:40,ESX-FUTURE,BID,3008.0,462
21:18:40,SP-FUTURE,ASK,3060.0,1705
21:18:41,ESX-FUTURE,BID,3010.0,368
21:18:41,SP-FUTURE,ASK,3059.0,423
21:18:42,ESX-FUTURE,ASK,3010.0,882
21:18:42,SP-FUTURE,BID,3060.0,109
21:18:43,ESX-FUTURE,BID,3010.0,929
21:18:43,SP-FUTURE,BID,3059.0,140
21:18:44,ESX-FUTURE,BID,3010.0,271
21:18:44,SP-FUTURE,BID,3059.0,391
21:18:45,ESX-FUTURE,BID,3009.0,1965
21:18:45,SP-FUTURE,BID,3058.0,1953
21:18:46,ESX-FUTURE,ASK,3008.0,278
21:18:47,SP-FUTURE,BID,3058.0,214
21:18:47,SP-FUTURE,BID,3058.0,59
21:18:48,SP-FUTURE,ASK,3058.0,320
21:18:48,ESX-FUTURE,ASK,3008.0,1052
21:18:48,SP-FUTURE,BID,3058.0,370
21:18:49,ESX-FUTURE,BID,3008.0,902
21:18:49,ESX-FUTURE,BID,3008.0,409
21:18:49,SP-FUTURE,BID,3058.0,872
21:18:50,ESX-FUTURE,BID,3008.0,352
21:18:50,SP-FUTURE,BID,3058.0,39
21:18:51,ESX-FUTURE,ASK,3008.0,174
21:18:51,SP-FUTURE,ASK,3058.0,441
21:18:52,ESX-FUTURE,BID,3008.0,167
21:18:52,SP-FUTURE,ASK,3058.0,972
21:18:53,SP-FUTURE,BID,3058.0,215
21:18:54,ESX-FUTURE,ASK,3008.0,34
21:18:54,ESX-FUTURE,BID,3008.0,458
21:18:54,SP-FUTURE,ASK,3058.0,4
21:18:55,SP-FUTURE,ASK,3058.0,38
21:18:55,ESX-FUTURE,ASK,3008.0,149
21:18:57,SP-FUTURE,ASK,3058.0,1594
21:18:57,ESX-FUTURE,ASK,3008.0,404
21:18:57,ESX-FUTURE,BID,3008.0,1005
21:18:57,ESX-FUTURE,ASK,3008.0,330
21:18:57,SP-FUTURE,ASK,3058.0,12
21:18:57,ESX-FUTURE,BID,3008.0,276
21:18:58,ESX-FUTURE,BID,3008.0,1216
21:18:58,SP-FUTURE,ASK,3058.0,34
21:19:00,SP-FUTURE,ASK,3058.0,344
21:19:00,ESX-FUTURE,ASK,3009.0,1395
21:19:01,SP-FUTURE,BID,3058.0,11
21:19:02,ESX-FUTURE,ASK,3009.0,2040
21:19:02,SP-FUTURE,ASK,3061.0,72
21:19:03,SP-FUTURE,BID,3061.0,1289
21:19:03,ESX-FUTURE,ASK,3008.0,16
21:19:04,SP-FUTURE,ASK,3061.0,97
21:19:04,ESX-FUTURE,BID,3008.0,17
21:19:05,SP-FUTURE,ASK,3061.0,23
21:19:06,ESX-FUTURE,BID,3008.0,46
21:19:06,SP-FUTURE,BID,3061.0,642
21:19:07,ESX-FUTURE,BID,3008.0,1075
21:19:07,SP-FUTURE,BID,3060.0,1001
21:19:08,SP-FUTURE,ASK,3060.0,100
21:19:08,ESX-FUTURE,ASK,3008.0,21
21:19:09,SP-FUTURE,BID,3060.0,266
21:19:10,ESX-FUTURE,BID,3007.0,16
21:19:10,SP-FUTURE,BID,3060.0,458
21:19:11,ESX-FUTURE,ASK,3007.0,1054
21:19:11,ESX-FUTURE,ASK,3007.0,893
21:19:11,SP-FUTURE,ASK,3062.0,158
21:19:12,ESX-FUTURE,ASK,3007.0,86
21:19:13,ESX-FUTURE,ASK,3007.0,476
21:19:13,SP-FUTURE,ASK,3062.0,1134
21:19:14,ESX-FUTURE,BID,3008.0,317
21:19:14,SP-FUTURE,BID,3062.0,45
21:19:14,ESX-FUTURE,BID,3008.0,367
21:19:15,ESX-FUTURE,ASK,3008.0,277
21:19:16,SP-FUTURE,BID,3062.0,174
21:19:16,ESX-FUTURE,BID,3008.0,54
21:19:17,SP-FUTURE,BID,3062.0,359
21:19:18,ESX-FUTURE,ASK,3008.0,209
21:19:18,SP-FUTURE,ASK,3062.0,1232
21:19:18,ESX-FUTURE,ASK,3009.0,602
21:19:20,SP-FUTURE,ASK,3062.0,603
21:19:20,SP-FUTURE,BID,3062.0,892
21:19:20,ESX-FUTURE,ASK,3008.0,400
21:19:21,SP-FUTURE,ASK,3062.0,827
21:19:21,ESX-FUTURE,BID,3008.0,486
21:19:22,SP-FUTURE,ASK,3062.0,100
21:19:23,ESX-FUTURE,ASK,3009.0,70
21:19:23,SP-FUTURE,ASK,3062.0,1724
21:19:24,ESX-FUTURE,ASK,3010.0,367
21:19:25,SP-FUTURE,BID,3062.0,62
21:19:26,ESX-FUTURE,ASK,3010.0,692
21:19:26,ESX-FUTURE,ASK,3010.0,691
21:19:27,SP-FUTURE,ASK,3063.0,338
21:19:27,ESX-FUTURE,ASK,3010.0,57
21:19:28,SP-FUTURE,BID,3063.0,1080
21:19:29,ESX-FUTURE,ASK,3009.0,46
21:19:29,SP-FUTURE,ASK,3063.0,1265
21:19:30,SP-FUTURE,BID,3063.0,494
21:19:31,SP-FUTURE,BID,3063.0,764
21:19:31,ESX-FUTURE,ASK,3010.0,67
21:19:32,SP-FUTURE,BID,3063.0,69
21:19:32,ESX-FUTURE,ASK,3010.0,53
21:19:32,SP-FUTURE,ASK,3063.0,781
21:19:33,ESX-FUTURE,ASK,3010.0,417
21:19:34,SP-FUTURE,BID,3063.0,570
21:19:34,ESX-FUTURE,BID,3010.0,449
21:19:35,SP-FUTURE,BID,3063.0,654
21:19:35,ESX-FUTURE,BID,3010.0,359
21:19:35,SP-FUTURE,ASK,3063.0,506
21:19:35,SP-FUTURE,ASK,3063.0,1489
21:19:36,ESX-FUTURE,ASK,3011.0,226
21:19:36,SP-FUTURE,ASK,3063.0,489
21:19:36,ESX-FUTURE,BID,3011.0,314
21:19:37,ESX-FUTURE,ASK,3012.0,160
21:19:37,SP-FUTURE,ASK,3063.0,311
21:19:37,SP-FUTURE,BID,3063.0,433
21:19:38,SP-FUTURE,ASK,3063.0,101
21:19:39,SP-FUTURE,ASK,3063.0,372
21:19:39,ESX-FUTURE,BID,3012.0,1023
21:19:40,ESX-FUTURE,BID,3012.0,1138
21:19:40,SP-FUTURE,ASK,3062.0,331
21:19:40,ESX-FUTURE,BID,3012.0,853
21:19:42,SP-FUTURE,BID,3061.0,279
21:19:42,ESX-FUTURE,ASK,3012.0,2142
21:19:43,SP-FUTURE,ASK,3063.0,283
21:19:43,ESX-FUTURE,BID,3012.0,440
21:19:44,SP-FUTURE,BID,3063.0,547
21:19:45,ESX-FUTURE,BID,3011.0,98
21:19:45,SP-FUTURE,ASK,3063.0,119
21:19:46,ESX-FUTURE,ASK,3012.0,6
21:19:47,SP-FUTURE,BID,3063.0,149
21:19:47,ESX-FUTURE,BID,3011.0,1264
21:19:48,SP-FUTURE,BID,3063.0,345
21:19:49,ESX-FUTURE,ASK,3012.0,406
21:19:49,SP-FUTURE,ASK,3063.0,229
21:19:50,ESX-FUTURE,ASK,3012.0,510
21:19:50,SP-FUTURE,BID,3063.0,2463
21:19:50,SP-FUTURE,ASK,3063.0,358
21:19:51,ESX-FUTURE,BID,3008.0,65
21:19:52,ESX-FUTURE,ASK,3008.0,1146
21:19:52,SP-FUTURE,BID,3064.0,2121
21:19:53,ESX-FUTURE,ASK,3008.0,1159
21:19:53,SP-FUTURE,BID,3064.0,195
21:19:53,ESX-FUTURE,BID,3008.0,1090
21:19:54,ESX-FUTURE,ASK,3008.0,14
21:19:55,SP-FUTURE,BID,3064.0,287
21:19:55,SP-FUTURE,BID,3064.0,199
21:19:56,ESX-FUTURE,ASK,3008.0,363
21:19:56,SP-FUTURE,BID,3064.0,1481
21:19:57,ESX-FUTURE,ASK,3006.0,318
21:19:57,SP-FUTURE,ASK,3064.0,104
21:19:58,SP-FUTURE,ASK,3064.0,11
21:19:59,ESX-FUTURE,BID,3006.0,496
21:19:59,ESX-FUTURE,BID,3006.0,772
21:20:00,SP-FUTURE,ASK,3064.0,68
21:20:00,ESX-FUTURE,ASK,3006.0,204
21:20:01,ESX-FUTURE,BID,3006.0,1500
21:20:01,SP-FUTURE,BID,3063.0,111
21:20:02,SP-FUTURE,BID,3063.0,428
21:20:03,ESX-FUTURE,ASK,3006.0,307
21:20:03,SP-FUTURE,BID,3063.0,1711
21:20:04,ESX-FUTURE,ASK,3005.0,616
21:20:05,ESX-FUTURE,ASK,3005.0,380
21:20:06,SP-FUTURE,ASK,3064.0,5
21:20:06,ESX-FUTURE,ASK,3005.0,51
21:20:06,ESX-FUTURE,ASK,3005.0,366
21:20:07,ESX-FUTURE,BID,3005.0,279
21:20:08,ESX-FUTURE,BID,3005.0,2237
21:20:08,SP-FUTURE,BID,3061.0,327
21:20:09,SP-FUTURE,BID,3061.0,185
21:20:09,SP-FUTURE,BID,3061.0,121
21:20:10,ESX-FUTURE,ASK,3005.0,83
21:20:10,ESX-FUTURE,ASK,3005.0,222
21:20:11,SP-FUTURE,ASK,3061.0,14
21:20:12,ESX-FUTURE,ASK,3005.0,36
21:20:12,SP-FUTURE,BID,3061.0,602
21:20:13,ESX-FUTURE,BID,3004.0,103
21:20:14,SP-FUTURE,BID,3061.0,81
21:20:14,ESX-FUTURE,ASK,3005.0,405
21:20:14,SP-FUTURE,BID,3061.0,403
21:20:15,ESX-FUTURE,ASK,3004.0,337
21:20:15,SP-FUTURE,ASK,3062.0,473
21:20:16,ESX-FUTURE,ASK,3005.0,374
21:20:16,SP-FUTURE,ASK,3062.0,27
21:20:17,ESX-FUTURE,BID,3004.0,3
21:20:17,SP-FUTURE,ASK,3062.0,1817
21:20:17,SP-FUTURE,ASK,3062.0,1435
21:20:18,ESX-FUTURE,BID,3006.0,410
21:20:18,SP-FUTURE,BID,3061.0,1415
21:20:19,ESX-FUTURE,ASK,3006.0,667
21:20:19,SP-FUTURE,ASK,3062.0,2416
21:20:20,ESX-FUTURE,BID,3008.0,440
21:20:20,SP-FUTURE,BID,3061.0,15
21:20:21,ESX-FUTURE,ASK,3008.0,102
21:20:21,SP-FUTURE,ASK,3061.0,421
21:20:22,ESX-FUTURE,BID,3008.0,876
21:20:22,SP-FUTURE,BID,3061.0,1771
21:20:22,ESX-FUTURE,ASK,3008.0,2732
21:20:23,SP-FUTURE,ASK,3065.0,509
21:20:23,ESX-FUTURE,BID,3008.0,111
21:20:24,ESX-FUTURE,BID,3008.0,188
21:20:24,SP-FUTURE,ASK,3065.0,314
21:20:25,ESX-FUTURE,BID,3008.0,2166
21:20:26,SP-FUTURE,BID,3062.0,820
21:20:26,SP-FUTURE,ASK,3062.0,17
21:20:26,ESX-FUTURE,BID,3008.0,225
21:20:27,ESX-FUTURE,BID,3008.0,60
21:20:28,SP-FUTURE,BID,3062.0,314
21:20:28,ESX-FUTURE,ASK,3008.0,1247
21:20:29,SP-FUTURE,BID,3063.0,922
21:20:29,ESX-FUTURE,BID,3007.0,33
21:20:30,ESX-FUTURE,ASK,3007.0,702
21:20:31,SP-FUTURE,ASK,3063.0,51
21:20:32,ESX-FUTURE,ASK,3007.0,92
21:20:32,SP-FUTURE,ASK,3063.0,134
21:20:32,SP-FUTURE,BID,3063.0,263
21:20:33,ESX-FUTURE,BID,3007.0,631
21:20:34,SP-FUTURE,ASK,3063.0,1844
21:20:34,SP-FUTURE,BID,3063.0,35
21:20:34,SP-FUTURE,ASK,3063.0,565
21:20:34,ESX-FUTURE,ASK,3008.0,191
21:20:35,ESX-FUTURE,BID,3007.0,740
21:20:35,ESX-FUTURE,BID,3007.0,180
21:20:35,SP-FUTURE,BID,3063.0,303
21:20:37,ESX-FUTURE,BID,3007.0,635
21:20:37,SP-FUTURE,BID,3062.0,461
21:20:38,ESX-FUTURE,ASK,3007.0,450
21:20:38,SP-FUTURE,BID,3063.0,184
21:20:39,ESX-FUTURE,BID,3007.0,978
21:20:39,SP-FUTURE,BID,3062.0,720
21:20:39,ESX-FUTURE,BID,3007.0,355
21:20:41,SP-FUTURE,BID,3062.0,180
21:20:41,SP-FUTURE,ASK,3062.0,2113
21:20:41,ESX-FUTURE,ASK,3009.0,1020
21:20:42,SP-FUTURE,BID,3062.0,898
21:20:42,ESX-FUTURE,ASK,3009.0,82
21:20:42,SP-FUTURE,ASK,3062.0,182
21:20:43,ESX-FUTURE,BID,3008.0,1344
21:20:44,SP-FUTURE,BID,3062.0,277
21:20:44,ESX-FUTURE,BID,3008.0,1103
21:20:44,ESX-FUTURE,ASK,3009.0,528
21:20:45,SP-FUTURE,BID,3062.0,627
21:20:45,SP-FUTURE,BID,3062.0,104
21:20:45,SP-FUTURE,ASK,3062.0,1149
21:20:45,ESX-FUTURE,BID,3008.0,1107
21:20:47,ESX-FUTURE,ASK,3009.0,259
21:20:47,ESX-FUTURE,ASK,3009.0,31
21:20:47,SP-FUTURE,ASK,3062.0,2556
21:20:48,SP-FUTURE,ASK,3062.0,509
21:20:48,ESX-FUTURE,BID,3012.0,213
21:20:49,ESX-FUTURE,BID,3012.0,35
21:20:49,ESX-FUTURE,ASK,3012.0,587
21:20:50,SP-FUTURE,BID,3062.0,1108
21:20:50,ESX-FUTURE,ASK,3012.0,21
21:20:51,ESX-FUTURE,BID,3012.0,323
21:20:51,SP-FUTURE,ASK,3062.0,130
21:20:51,ESX-FUTURE,ASK,3012.0,508
21:20:52,ESX-FUTURE,BID,3012.0,104
21:20:52,ESX-FUTURE,BID,3012.0,67
21:20:52,SP-FUTURE,BID,3062.0,414
21:20:53,ESX-FUTURE,ASK,3012.0,61
21:20:54,ESX-FUTURE,ASK,3012.0,223
21:20:54,SP-FUTURE,ASK,3062.0,758
21:20:54,SP-FUTURE,BID,3062.0,415
21:20:55,ESX-FUTURE,BID,3012.0,759
21:20:55,ESX-FUTURE,ASK,3012.0,1168
21:20:56,SP-FUTURE,ASK,3063.0,884
21:20:56,ESX-FUTURE,BID,3012.0,516
21:20:56,SP-FUTURE,BID,3062.0,752
21:20:57,ESX-FUTURE,ASK,3012.0,977
21:20:57,SP-FUTURE,ASK,3063.0,191
21:20:58,ESX-FUTURE,BID,3012.0,101
21:20:58,SP-FUTURE,ASK,3063.0,326
21:20:59,ESX-FUTURE,ASK,3012.0,1416
21:21:00,ESX-FUTURE,ASK,3012.0,1906
21:21:00,SP-FUTURE,ASK,3066.0,1129
21:21:01,ESX-FUTURE,ASK,3012.0,783
21:21:01,SP-FUTURE,ASK,3066.0,2473
21:21:01,ESX-FUTURE,BID,3016.0,47
21:21:02,ESX-FUTURE,ASK,3016.0,722
21:21:03,ESX-FUTURE,BID,3016.0,94
21:21:03,SP-FUTURE,BID,3066.0,436
21:21:03,ESX-FUTURE,ASK,3016.0,2129
21:21:04,SP-FUTURE,ASK,3068.0,345
21:21:04,ESX-FUTURE,ASK,3016.0,143
21:21:04,SP-FUTURE,BID,3068.0,785
21:21:05,SP-FUTURE,ASK,3068.0,222
21:21:05,ESX-FUTURE,ASK,3016.0,256
21:21:06,SP-FUTURE,ASK,3068.0,1724
21:21:06,ESX-FUTURE,ASK,3017.0,2941
21:21:07,ESX-FUTURE,BID,3017.0,1
21:21:07,SP-FUTURE,BID,3068.0,606
21:21:08,SP-FUTURE,BID,3068.0,465
21:21:08,SP-FUTURE,BID,3068.0,145
21:21:09,ESX-FUTURE,BID,3016.0,13
21:21:10,ESX-FUTURE,BID,3016.0,111
21:21:11,SP-FUTURE,BID,3068.0,269
21:21:11,ESX-FUTURE,BID,3016.0,1447
21:21:11,SP-FUTURE,ASK,3067.0,719
21:21:12,ESX-FUTURE,ASK,3016.0,262
21:21:13,ESX-FUTURE,BID,3016.0,637
21:21:13,SP-FUTURE,ASK,3067.0,832
21:21:14,ESX-FUTURE,BID,3017.0,264
21:21:14,SP-FUTURE,ASK,3067.0,37
21:21:15,ESX-FUTURE,ASK,3017.0,893
21:21:15,SP-FUTURE,BID,3067.0,200
21:21:16,ESX-FUTURE,ASK,3017.0,2128
21:21:16,ESX-FUTURE,BID,3017.0,19
21:21:17,ESX-FUTURE,ASK,3017.0,2216
21:21:17,SP-FUTURE,ASK,3068.0,956
21:21:18,SP-FUTURE,ASK,3068.0,257
21:21:18,ESX-FUTURE,ASK,3017.0,123
21:21:18,SP-FUTURE,BID,3068.0,1100
21:21:19,ESX-FUTURE,ASK,3016.0,878
21:21:19,ESX-FUTURE,BID,3016.0,982
21:21:20,SP-FUTURE,ASK,3068.0,1082
21:21:20,ESX-FUTURE,BID,3017.0,234
21:21:21,ESX-FUTURE,ASK,3017.0,666
21:21:21,SP-FUTURE,ASK,3068.0,135
21:21:21,ESX-FUTURE,BID,3017.0,260
21:21:22,SP-FUTURE,ASK,3068.0,403
21:21:22,ESX-FUTURE,BID,3017.0,160
21:21:22,SP-FUTURE,ASK,3068.0,346
21:21:24,ESX-FUTURE,BID,3017.0,478
21:21:24,SP-FUTURE,BID,3068.0,440
21:21:25,ESX-FUTURE,BID,3017.0,175
21:21:25,SP-FUTURE,ASK,3068.0,641
21:21:26,ESX-FUTURE,BID,3017.0,616
21:21:26,SP-FUTURE,ASK,3068.0,1596
21:21:27,ESX-FUTURE,ASK,3017.0,158
21:21:28,SP-FUTURE,ASK,3068.0,1259
21:21:29,ESX-FUTURE,BID,3018.0,452
21:21:29,ESX-FUTURE,BID,3018.0,1089
21:21:30,SP-FUTURE,ASK,3067.0,79
21:21:31,ESX-FUTURE,ASK,3018.0,23
21:21:31,SP-FUTURE,BID,3067.0,272
21:21:31,ESX-FUTURE,ASK,3018.0,183
21:21:33,SP-FUTURE,ASK,3067.0,49
21:21:33,ESX-FUTURE,BID,3018.0,359
21:21:34,SP-FUTURE,ASK,3067.0,268
21:21:34,SP-FUTURE,ASK,3067.0,498
21:21:34,ESX-FUTURE,ASK,3018.0,141
21:21:35,SP-FUTURE,BID,3067.0,106
21:21:37,SP-FUTURE,BID,3067.0,325
21:21:37,ESX-FUTURE,ASK,3018.0,1450
21:21:37,ESX-FUTURE,ASK,3018.0,95
21:21:38,SP-FUTURE,BID,3068.0,2432
21:21:39,ESX-FUTURE,ASK,3014.0,8
21:21:39,SP-FUTURE,BID,3068.0,1113
21:21:40,ESX-FUTURE,BID,3014.0,1721
21:21:40,SP-FUTURE,ASK,3068.0,1843
21:21:41,SP-FUTURE,ASK,3068.0,842
21:21:41,ESX-FUTURE,BID,3016.0,32
21:21:41,SP-FUTURE,BID,3068.0,302
21:21:41,ESX-FUTURE,BID,3016.0,1218
21:21:42,SP-FUTURE,ASK,3067.0,108
21:21:43,ESX-FUTURE,ASK,3017.0,768
21:21:43,ESX-FUTURE,ASK,3017.0,404
21:21:44,SP-FUTURE,BID,3068.0,760
21:21:44,ESX-FUTURE,ASK,3016.0,916
21:21:44,SP-FUTURE,ASK,3068.0,854
21:21:45,ESX-FUTURE,BID,3017.0,772
21:21:46,SP-FUTURE,BID,3067.0,818
21:21:46,ESX-FUTURE,BID,3017.0,1484
21:21:46,ESX-FUTURE,ASK,3017.0,424
21:21:47,SP-FUTURE,ASK,3067.0,69
21:21:48,ESX-FUTURE,BID,3017.0,650
21:21:48,SP-FUTURE,ASK,3067.0,379
21:21:49,SP-FUTURE,BID,3066.0,11
21:21:49,ESX-FUTURE,BID,3017.0,957
21:21:50,ESX-FUTURE,BID,3017.0,1333
21:21:50,ESX-FUTURE,ASK,3017.0,127
21:21:50,SP-FUTURE,ASK,3066.0,721
21:21:50,ESX-FUTURE,BID,3017.0,305
21:21:51,SP-FUTURE,BID,3065.0,435
21:21:51,ESX-FUTURE,ASK,3017.0,190
21:21:52,SP-FUTURE,BID,3065.0,7
21:21:52,ESX-FUTURE,ASK,3017.0,1058
21:21:54,SP-FUTURE,ASK,3066.0,75
21:21:54,ESX-FUTURE,BID,3017.0,658
21:21:55,SP-FUTURE,ASK,3066.0,173
21:21:55,ESX-FUTURE,ASK,3017.0,26
21:21:57,ESX-FUTURE,ASK,3017.0,647
21:21:57,SP-FUTURE,BID,3066.0,365
21:21:58,ESX-FUTURE,ASK,3017.0,2886
21:21:59,SP-FUTURE,BID,3067.0,146
21:21:59,ESX-FUTURE,BID,3017.0,737
21:21:59,SP-FUTURE,ASK,3067.0,193
21:22:00,SP-FUTURE,ASK,3067.0,479
21:22:01,ESX-FUTURE,ASK,3017.0,215
21:22:01,SP-FUTURE,BID,3067.0,1827
21:22:02,ESX-FUTURE,BID,3016.0,649
21:22:02,ESX-FUTURE,ASK,3016.0,1925
21:22:03,SP-FUTURE,BID,3068.0,1780
21:22:03,ESX-FUTURE,BID,3014.0,824
21:22:04,SP-FUTURE,BID,3068.0,43
21:22:05,ESX-FUTURE,ASK,3014.0,157
21:22:05,SP-FUTURE,ASK,3068.0,1505
21:22:06,ESX-FUTURE,BID,3014.0,643
21:22:06,SP-FUTURE,BID,3068.0,330
21:22:06,ESX-FUTURE,ASK,3015.0,1829
21:22:07,SP-FUTURE,BID,3069.0,9
21:22:07,ESX-FUTURE,BID,3014.0,158
21:22:08,ESX-FUTURE,ASK,3015.0,901
21:22:08,SP-FUTURE,ASK,3069.0,471
21:22:09,ESX-FUTURE,BID,3014.0,2198
21:22:09,SP-FUTURE,BID,3068.0,130
21:22:10,SP-FUTURE,BID,3068.0,86
21:22:10,SP-FUTURE,ASK,3068.0,430
21:22:10,ESX-FUTURE,BID,3014.0,259
21:22:11,SP-FUTURE,ASK,3068.0,32
21:22:11,ESX-FUTURE,ASK,3015.0,605
21:22:12,ESX-FUTURE,ASK,3015.0,177
21:22:12,SP-FUTURE,BID,3068.0,423
21:22:12,ESX-FUTURE,BID,3014.0,673
21:22:13,ESX-FUTURE,BID,3014.0,129
21:22:13,SP-FUTURE,ASK,3068.0,349
21:22:14,SP-FUTURE,ASK,3068.0,1009
21:22:14,ESX-FUTURE,BID,3015.0,24
21:22:15,ESX-FUTURE,BID,3015.0,61
21:22:15,ESX-FUTURE,ASK,3015.0,1696
21:22:16,SP-FUTURE,BID,3068.0,125
21:22:17,ESX-FUTURE,ASK,3015.0,19
21:22:17,SP-FUTURE,BID,3068.0,72
21:22:17,ESX-FUTURE,BID,3015.0,295
21:22:18,SP-FUTURE,ASK,3068.0,22
21:22:19,ESX-FUTURE,ASK,3015.0,52
21:22:19,SP-FUTURE,ASK,3068.0,871
21:22:20,ESX-FUTURE,BID,3015.0,1830
21:22:21,SP-FUTURE,BID,3067.0,33
21:22:21,ESX-FUTURE,BID,3015.0,244
21:22:22,ESX-FUTURE,BID,3015.0,1214
21:22:22,SP-FUTURE,BID,3067.0,261
21:22:22,SP-FUTURE,BID,3067.0,79
21:22:23,ESX-FUTURE,ASK,3015.0,134
21:22:23,SP-FUTURE,ASK,3067.0,1048
21:22:24,ESX-FUTURE,ASK,3015.0,100
21:22:25,ESX-FUTURE,ASK,3015.0,208
21:22:25,SP-FUTURE,BID,3067.0,142
21:22:25,SP-FUTURE,ASK,3067.0,650
21:22:25,SP-FUTURE,ASK,3067.0,418
21:22:26,SP-FUTURE,BID,3067.0,80
21:22:26,ESX-FUTURE,BID,3015.0,855
21:22:27,ESX-FUTURE,ASK,3016.0,97
21:22:28,SP-FUTURE,ASK,3067.0,83
21:22:28,SP-FUTURE,BID,3067.0,117
21:22:28,ESX-FUTURE,ASK,3016.0,687
21:22:29,SP-FUTURE,BID,3067.0,424
21:22:29,ESX-FUTURE,BID,3015.0,85
21:22:30,ESX-FUTURE,ASK,3016.0,233
21:22:30,SP-FUTURE,BID,3067.0,156
21:22:30,ESX-FUTURE,ASK,3015.0,44
21:22:31,SP-FUTURE,ASK,3067.0,85
21:22:31,SP-FUTURE,BID,3067.0,1669
21:22:32,ESX-FUTURE,ASK,3014.0,74
21:22:32,SP-FUTURE,BID,3067.0,669
21:22:33,ESX-FUTURE,ASK,3013.0,470
21:22:33,SP-FUTURE,BID,3067.0,474
21:22:35,SP-FUTURE,BID,3067.0,272
21:22:35,ESX-FUTURE,ASK,3013.0,125
21:22:36,SP-FUTURE,ASK,3068.0,519
21:22:36,ESX-FUTURE,ASK,3013.0,466
21:22:37,SP-FUTURE,BID,3067.0,181
21:22:37,ESX-FUTURE,BID,3013.0,80
21:22:38,SP-FUTURE,BID,3067.0,480
21:22:39,ESX-FUTURE,ASK,3013.0,1760
21:22:39,ESX-FUTURE,ASK,3013.0,500
21:22:39,ESX-FUTURE,ASK,3013.0,1336
21:22:40,SP-FUTURE,BID,3068.0,260
21:22:40,SP-FUTURE,BID,3068.0,2038
21:22:40,ESX-FUTURE,BID,3013.0,318
21:22:41,SP-FUTURE,BID,3068.0,903
21:22:41,ESX-FUTURE,BID,3012.0,125
21:22:42,ESX-FUTURE,BID,3012.0,213
21:22:43,ESX-FUTURE,BID,3012.0,210
21:22:44,SP-FUTURE,BID,3068.0,1332
21:22:44,ESX-FUTURE,ASK,3012.0,569
21:22:45,SP-FUTURE,BID,3068.0,1273
21:22:45,ESX-FUTURE,ASK,3011.0,823
21:22:46,ESX-FUTURE,ASK,3011.0,875
21:22:47,SP-FUTURE,ASK,3069.0,113
21:22:47,SP-FUTURE,BID,3069.0,71
21:22:48,ESX-FUTURE,BID,3011.0,2
21:22:48,SP-FUTURE,ASK,3069.0,2623
21:22:48,ESX-FUTURE,ASK,3013.0,106
21:22:49,SP-FUTURE,ASK,3069.0,835
21:22:50,ESX-FUTURE,ASK,3013.0,349
21:22:50,SP-FUTURE,ASK,3069.0,191
21:22:51,SP-FUTURE,ASK,3069.0,1191
21:22:51,ESX-FUTURE,ASK,3015.0,1827
21:22:52,ESX-FUTURE,ASK,3015.0,1920
21:22:52,SP-FUTURE,BID,3072.0,1596
21:22:53,SP-FUTURE,BID,3072.0,906
21:22:53,ESX-FUTURE,BID,3014.0,519
21:22:54,SP-FUTURE,BID,3072.0,386
21:22:54,ESX-FUTURE,BID,3014.0,28
21:22:54,SP-FUTURE,ASK,3073.0,483
21:22:54,ESX-FUTURE,ASK,3014.0,25
21:22:56,ESX-FUTURE,BID,3014.0,131
21:22:56,SP-FUTURE,BID,3072.0,77
21:22:57,SP-FUTURE,ASK,3073.0,1974
21:22:57,ESX-FUTURE,ASK,3017.0,1141
21:22:57,SP-FUTURE,ASK,3073.0,574
21:22:57,ESX-FUTURE,BID,3017.0,1219
21:22:58,SP-FUTURE,ASK,3073.0,13
21:22:58,ESX-FUTURE,ASK,3017.0,37
21:22:58,ESX-FUTURE,BID,3017.0,777
21:22:59,SP-FUTURE,BID,3073.0,2130
21:22:59,ESX-FUTURE,ASK,3015.0,199
21:23:00,ESX-FUTURE,ASK,3015.0,116
21:23:01,SP-FUTURE,BID,3073.0,26
21:23:02,ESX-FUTURE,BID,3015.0,255
21:23:02,SP-FUTURE,ASK,3073.0,16
21:23:03,SP-FUTURE,ASK,3073.0,11
21:23:04,ESX-FUTURE,ASK,3015.0,131
21:23:04,SP-FUTURE,BID,3073.0,68
21:23:05,ESX-FUTURE,ASK,3015.0,608
21:23:05,SP-FUTURE,ASK,3073.0,287
21:23:05,ESX-FUTURE,ASK,3015.0,504
21:23:06,SP-FUTURE,BID,3073.0,473
21:23:06,SP-FUTURE,ASK,3074.0,180
21:23:07,ESX-FUTURE,ASK,3015.0,1284
21:23:07,SP-FUTURE,ASK,3074.0,190
21:23:08,ESX-FUTURE,ASK,3015.0,573
21:23:08,ESX-FUTURE,BID,3015.0,690
21:23:08,ESX-FUTURE,ASK,3015.0,248
21:23:09,SP-FUTURE,BID,3074.0,20
21:23:09,ESX-FUTURE,ASK,3015.0,300
21:23:10,SP-FUTURE,BID,3074.0,76
21:23:10,ESX-FUTURE,BID,3015.0,133
21:23:11,SP-FUTURE,ASK,3074.0,181
21:23:11,ESX-FUTURE,ASK,3015.0,71
21:23:12,SP-FUTURE,ASK,3074.0,289
21:23:12,ESX-FUTURE,ASK,3015.0,801
21:23:13,SP-FUTURE,ASK,3074.0,110
21:23:14,ESX-FUTURE,BID,3015.0,645
21:23:14,SP-FUTURE,BID,3074.0,884
21:23:15,SP-FUTURE,ASK,3074.0,275
21:23:15,ESX-FUTURE,BID,3014.0,1145
21:23:16,SP-FUTURE,BID,3073.0,570
21:23:17,SP-FUTURE,ASK,3074.0,2011
21:23:18,ESX-FUTURE,ASK,3017.0,446
21:23:18,SP-FUTURE,ASK,3074.0,7
21:23:19,ESX-FUTURE,BID,3017.0,566
21:23:19,SP-FUTURE,BID,3073.0,352
21:23:19,ESX-FUTURE,ASK,3017.0,84
21:23:19,SP-FUTURE,ASK,3074.0,2274
21:23:19,SP-FUTURE,ASK,3074.0,65
21:23:20,SP-FUTURE,ASK,3074.0,1583
21:23:20,ESX-FUTURE,BID,3020.0,11
21:23:21,ESX-FUTURE,BID,3020.0,47
21:23:21,ESX-FUTURE,ASK,3021.0,2603
21:23:21,SP-FUTURE,ASK,3075.0,185
21:23:22,ESX-FUTURE,BID,3020.0,209
21:23:22,SP-FUTURE,ASK,3075.0,1079
21:23:23,ESX-FUTURE,BID,3021.0,565
21:23:23,SP-FUTURE,BID,3075.0,2494
21:23:24,ESX-FUTURE,BID,3017.0,648
21:23:24,SP-FUTURE,BID,3075.0,687
21:23:25,SP-FUTURE,ASK,3075.0,184
21:23:26,SP-FUTURE,BID,3075.0,239
21:23:27,SP-FUTURE,BID,3075.0,249
21:23:27,ESX-FUTURE,BID,3017.0,272
21:23:27,ESX-FUTURE,ASK,3017.0,312
21:23:28,SP-FUTURE,ASK,3075.0,23
21:23:29,ESX-FUTURE,BID,3017.0,492
21:23:29,SP-FUTURE,ASK,3075.0,332
21:23:30,SP-FUTURE,BID,3075.0,702
21:23:30,ESX-FUTURE,BID,3017.0,409
21:23:31,ESX-FUTURE,BID,3017.0,91
21:23:32,SP-FUTURE,BID,3075.0,163
21:23:32,ESX-FUTURE,BID,3017.0,40
21:23:32,SP-FUTURE,BID,3075.0,425
21:23:33,ESX-FUTURE,BID,3017.0,1367
21:23:33,SP-FUTURE,ASK,3074.0,662
21:23:35,SP-FUTURE,BID,3074.0,415
21:23:35,ESX-FUTURE,ASK,3017.0,273
21:23:35,SP-FUTURE,ASK,3074.0,155
21:23:36,ESX-FUTURE,BID,3017.0,1491
21:23:37,ESX-FUTURE,BID,3017.0,187
21:23:37,SP-FUTURE,BID,3073.0,64
21:23:38,SP-FUTURE,ASK,3074.0,482
21:23:38,ESX-FUTURE,ASK,3017.0,222
21:23:39,SP-FUTURE,BID,3073.0,17
21:23:40,ESX-FUTURE,ASK,3017.0,379
21:23:40,SP-FUTURE,BID,3073.0,451
21:23:41,ESX-FUTURE,ASK,3017.0,170
21:23:42,SP-FUTURE,BID,3074.0,260
21:23:42,ESX-FUTURE,BID,3017.0,753
21:23:43,ESX-FUTURE,BID,3017.0,519
21:23:44,SP-FUTURE,BID,3073.0,2329
21:23:44,SP-FUTURE,ASK,3073.0,263
21:23:44,ESX-FUTURE,BID,3015.0,707
21:23:45,ESX-FUTURE,BID,3015.0,161
21:23:45,ESX-FUTURE,BID,3015.0,135
21:23:46,ESX-FUTURE,BID,3015.0,1488
21:23:46,ESX-FUTURE,BID,3015.0,872
21:23:46,SP-FUTURE,BID,3071.0,251
21:23:47,ESX-FUTURE,BID,3015.0,180
21:23:47,ESX-FUTURE,BID,3015.0,576
21:23:47,SP-FUTURE,BID,3071.0,6
21:23:48,SP-FUTURE,ASK,3071.0,392
21:23:48,ESX-FUTURE,ASK,3015.0,478
21:23:49,ESX-FUTURE,ASK,3015.0,668
21:23:50,SP-FUTURE,BID,3071.0,1060
21:23:50,SP-FUTURE,BID,3071.0,613
21:23:50,ESX-FUTURE,BID,3014.0,11
21:23:51,ESX-FUTURE,BID,3014.0,168
21:23:51,SP-FUTURE,BID,3071.0,327
21:23:51,SP-FUTURE,BID,3071.0,66
21:23:52,ESX-FUTURE,BID,3013.0,926
21:23:53,ESX-FUTURE,BID,3013.0,293
21:23:53,SP-FUTURE,BID,3070.0,1391
21:23:53,ESX-FUTURE,ASK,3012.0,726
21:23:53,SP-FUTURE,BID,3071.0,885
21:23:54,ESX-FUTURE,BID,3011.0,494
21:23:55,SP-FUTURE,BID,3070.0,24
21:23:55,ESX-FUTURE,ASK,3011.0,421
21:23:56,SP-FUTURE,ASK,3071.0,484
21:23:56,ESX-FUTURE,ASK,3012.0,347
21:23:57,ESX-FUTURE,BID,3011.0,1104
21:23:57,ESX-FUTURE,BID,3011.0,1026
21:23:57,SP-FUTURE,ASK,3070.0,197
21:23:57,ESX-FUTURE,BID,3011.0,935
21:23:58,SP-FUTURE,ASK,3070.0,633
21:23:59,SP-FUTURE,ASK,3070.0,661
21:23:59,ESX-FUTURE,ASK,3012.0,365
21:24:00,SP-FUTURE,ASK,3070.0,250
21:24:01,ESX-FUTURE,BID,3012.0,207
21:24:01,SP-FUTURE,ASK,3070.0,513
21:24:02,SP-FUTURE,ASK,3070.0,197
21:24:03,ESX-FUTURE,BID,3012.0,274
21:24:04,SP-FUTURE,BID,3070.0,288
21:24:04,ESX-FUTURE,ASK,3012.0,88
21:24:05,SP-FUTURE,ASK,3070.0,400
21:24:05,ESX-FUTURE,BID,3012.0,260
21:24:06,ESX-FUTURE,ASK,3013.0,1147
21:24:06,SP-FUTURE,ASK,3070.0,474
21:24:07,ESX-FUTURE,BID,3012.0,601
21:24:07,SP-FUTURE,BID,3070.0,430
21:24:08,SP-FUTURE,ASK,3070.0,199
21:24:09,ESX-FUTURE,BID,3012.0,16
21:24:10,SP-FUTURE,ASK,3070.0,704
21:24:10,ESX-FUTURE,ASK,3013.0,577
21:24:11,SP-FUTURE,BID,3070.0,2062
21:24:12,ESX-FUTURE,ASK,3010.0,403
21:24:12,SP-FUTURE,ASK,3070.0,180
21:24:13,ESX-FUTURE,BID,3010.0,1342
21:24:14,SP-FUTURE,ASK,3069.0,319
21:24:14,ESX-FUTURE,ASK,3010.0,55
21:24:15,SP-FUTURE,BID,3069.0,724
21:24:15,ESX-FUTURE,ASK,3010.0,609
21:24:15,ESX-FUTURE,BID,3010.0,141
21:24:16,SP-FUTURE,BID,3069.0,452
21:24:17,ESX-FUTURE,ASK,3010.0,576
21:24:18,SP-FUTURE,ASK,3069.0,4
21:24:18,ESX-FUTURE,ASK,3010.0,417
21:24:18,SP-FUTURE,ASK,3070.0,209
21:24:19,ESX-FUTURE,ASK,3010.0,38
21:24:19,ESX-FUTURE,ASK,3010.0,18
21:24:20,SP-FUTURE,ASK,3070.0,90
21:24:20,ESX-FUTURE,BID,3010.0,35
21:24:22,ESX-FUTURE,ASK,3010.0,1314
21:24:22,SP-FUTURE,BID,3070.0,6
21:24:22,ESX-FUTURE,BID,3010.0,110
21:24:23,SP-FUTURE,ASK,3070.0,41
21:24:23,ESX-FUTURE,BID,3010.0,130
21:24:24,SP-FUTURE,BID,3069.0,1525
21:24:25,ESX-FUTURE,BID,3009.0,586
21:24:25,SP-FUTURE,BID,3069.0,4
21:24:25,SP-FUTURE,ASK,3069.0,253
21:24:26,SP-FUTURE,BID,3069.0,231
21:24:26,ESX-FUTURE,ASK,3010.0,770
21:24:27,SP-FUTURE,BID,3070.0,340
21:24:27,SP-FUTURE,BID,3070.0,313
21:24:27,ESX-FUTURE,BID,3009.0,79
21:24:28,SP-FUTURE,BID,3070.0,34
21:24:28,SP-FUTURE,ASK,3070.0,2476
21:24:29,ESX-FUTURE,ASK,3012.0,22
21:24:29,SP-FUTURE,BID,3070.0,110
21:24:30,SP-FUTURE,ASK,3070.0,701
21:24:30,ESX-FUTURE,ASK,3012.0,1360
21:24:31,ESX-FUTURE,ASK,3012.0,1197
21:24:31,SP-FUTURE,ASK,3072.0,2292
21:24:32,ESX-FUTURE,BID,3013.0,442
21:24:32,SP-FUTURE,ASK,3071.0,328
21:24:32,SP-FUTURE,ASK,3071.0,377
21:24:33,SP-FUTURE,ASK,3071.0,214
21:24:33,SP-FUTURE,BID,3071.0,478
21:24:33,ESX-FUTURE,ASK,3014.0,794
21:24:34,SP-FUTURE,BID,3072.0,66
21:24:34,SP-FUTURE,ASK,3072.0,14
21:24:35,ESX-FUTURE,BID,3013.0,713
21:24:35,SP-FUTURE,BID,3071.0,899
21:24:35,ESX-FUTURE,ASK,3014.0,380
21:24:35,ESX-FUTURE,BID,3013.0,23
21:24:35,SP-FUTURE,ASK,3072.0,1396
21:24:36,ESX-FUTURE,BID,3013.0,222
21:24:37,ESX-FUTURE,BID,3013.0,744
21:24:37,SP-FUTURE,ASK,3072.0,103
21:24:38,SP-FUTURE,ASK,3072.0,179
21:24:39,ESX-FUTURE,ASK,3014.0,910
21:24:39,SP-FUTURE,BID,3072.0,130
21:24:40,SP-FUTURE,BID,3072.0,261
21:24:40,ESX-FUTURE,BID,3013.0,498
21:24:40,SP-FUTURE,BID,3072.0,422
21:24:41,ESX-FUTURE,ASK,3013.0,12
21:24:42,ESX-FUTURE,ASK,3013.0,58
21:24:42,SP-FUTURE,ASK,3072.0,1259
21:24:43,ESX-FUTURE,ASK,3014.0,160
21:24:43,SP-FUTURE,BID,3072.0,176
21:24:45,SP-FUTURE,BID,3072.0,59
21:24:45,ESX-FUTURE,ASK,3014.0,8
21:24:45,ESX-FUTURE,BID,3014.0,325
21:24:46,SP-FUTURE,BID,3072.0,135
21:24:46,SP-FUTURE,BID,3072.0,12
21:24:47,ESX-FUTURE,BID,3014.0,1142
21:24:47,SP-FUTURE,BID,3071.0,907
21:24:47,ESX-FUTURE,BID,3013.0,30
21:24:48,SP-FUTURE,BID,3071.0,755
21:24:49,ESX-FUTURE,BID,3013.0,2075
21:24:49,ESX-FUTURE,ASK,3013.0,129
21:24:50,SP-FUTURE,BID,3071.0,31
21:24:51,ESX-FUTURE,BID,3013.0,1691
21:24:51,ESX-FUTURE,ASK,3013.0,30
21:24:51,SP-FUTURE,BID,3071.0,234
21:24:51,ESX-FUTURE,ASK,3013.0,485
21:24:52,ESX-FUTURE,BID,3013.0,539
21:24:53,ESX-FUTURE,ASK,3013.0,1021
21:24:53,SP-FUTURE,ASK,3072.0,2385
21:24:54,ESX-FUTURE,BID,3016.0,1612
21:24:54,SP-FUTURE,BID,3070.0,156
21:24:54,SP-FUTURE,BID,3070.0,12
21:24:56,SP-FUTURE,BID,3070.0,116
21:24:56,ESX-FUTURE,BID,3016.0,94
21:24:57,SP-FUTURE,ASK,3071.0,599
21:24:57,ESX-FUTURE,BID,3016.0,1081
21:24:57,SP-FUTURE,ASK,3070.0,772
21:24:58,ESX-FUTURE,ASK,3017.0,392
21:24:58,SP-FUTURE,BID,3070.0,1030
21:24:59,ESX-FUTURE,ASK,3017.0,85
21:24:59,SP-FUTURE,BID,3070.0,396
21:25:01,SP-FUTURE,BID,3070.0,1311
21:25:01,ESX-FUTURE,ASK,3016.0,127
21:25:02,SP-FUTURE,BID,3070.0,116
21:25:02,ESX-FUTURE,BID,3016.0,62
21:25:03,ESX-FUTURE,ASK,3016.0,198
21:25:03,SP-FUTURE,ASK,3070.0,212
21:25:04,ESX-FUTURE,ASK,3016.0,66
21:25:04,SP-FUTURE,ASK,3070.0,770
21:25:05,ESX-FUTURE,BID,3017.0,473
21:25:05,ESX-FUTURE,BID,3017.0,515
21:25:06,SP-FUTURE,ASK,3070.0,77
21:25:06,ESX-FUTURE,ASK,3017.0,362
21:25:07,ESX-FUTURE,BID,3017.0,6
21:25:07,SP-FUTURE,BID,3069.0,14
21:25:08,SP-FUTURE,ASK,3070.0,2045
21:25:08,ESX-FUTURE,BID,3019.0,1113
21:25:10,SP-FUTURE,ASK,3069.0,262
21:25:10,SP-FUTURE,ASK,3069.0,700
21:25:10,ESX-FUTURE,BID,3019.0,641
21:25:10,ESX-FUTURE,BID,3019.0,272
21:25:10,SP-FUTURE,BID,3068.0,299
21:25:10,ESX-FUTURE,ASK,3020.0,151
21:25:11,SP-FUTURE,ASK,3069.0,120
21:25:11,ESX-FUTURE,BID,3019.0,1020
21:25:12,SP-FUTURE,BID,3068.0,80
21:25:12,ESX-FUTURE,ASK,3020.0,56
21:25:13,ESX-FUTURE,ASK,3020.0,589
21:25:14,SP-FUTURE,BID,3068.0,791
21:25:14,ESX-FUTURE,ASK,3019.0,598
21:25:15,SP-FUTURE,ASK,3069.0,52
21:25:15,SP-FUTURE,BID,3068.0,1719
21:25:15,ESX-FUTURE,ASK,3018.0,431
21:25:15,SP-FUTURE,BID,3069.0,18
21:25:16,SP-FUTURE,BID,3069.0,45
21:25:16,ESX-FUTURE,ASK,3018.0,1459
21:25:17,SP-FUTURE,ASK,3070.0,234
21:25:18,SP-FUTURE,ASK,3070.0,8
21:25:18,ESX-FUTURE,BID,3018.0,2041
21:25:18,SP-FUTURE,ASK,3067.0,1346
21:25:19,ESX-FUTURE,ASK,3018.0,189
21:25:19,SP-FUTURE,ASK,3067.0,826
21:25:20,ESX-FUTURE,BID,3018.0,240
21:25:21,SP-FUTURE,ASK,3067.0,688
21:25:22,ESX-FUTURE,BID,3018.0,1285
21:25:22,SP-FUTURE,ASK,3067.0,445
21:25:23,SP-FUTURE,ASK,3067.0,1198
21:25:23,ESX-FUTURE,ASK,3019.0,330
21:25:24,SP-FUTURE,BID,3067.0,1325
21:25:24,ESX-FUTURE,BID,3018.0,217
21:25:24,SP-FUTURE,ASK,3067.0,23
21:25:24,ESX-FUTURE,ASK,3018.0,559
21:25:24,SP-FUTURE,ASK,3067.0,773
21:25:26,SP-FUTURE,ASK,3067.0,462
21:25:26,ESX-FUTURE,ASK,3019.0,944
21:25:26,ESX-FUTURE,ASK,3019.0,250
21:25:27,SP-FUTURE,ASK,3067.0,585
21:25:28,ESX-FUTURE,BID,3019.0,454
21:25:29,SP-FUTURE,ASK,3067.0,1269
21:25:29,ESX-FUTURE,BID,3019.0,2281
21:25:30,ESX-FUTURE,BID,3019.0,902
21:25:30,ESX-FUTURE,BID,3019.0,752
21:25:30,SP-FUTURE,BID,3064.0,1165
21:25:31,SP-FUTURE,BID,3064.0,251
21:25:31,ESX-FUTURE,ASK,3019.0,49
21:25:31,SP-FUTURE,BID,3064.0,1192
21:25:32,ESX-FUTURE,ASK,3019.0,21
21:25:33,SP-FUTURE,BID,3064.0,1215
21:25:33,ESX-FUTURE,BID,3018.0,238
21:25:34,ESX-FUTURE,BID,3018.0,238
21:25:35,SP-FUTURE,BID,3064.0,408
21:25:35,ESX-FUTURE,BID,3018.0,969
21:25:36,SP-FUTURE,ASK,3063.0,354
21:25:36,ESX-FUTURE,BID,3018.0,255
21:25:37,SP-FUTURE,BID,3063.0,198
21:25:38,ESX-FUTURE,ASK,3018.0,519
21:25:38,SP-FUTURE,BID,3063.0,693
21:25:39,ESX-FUTURE,BID,3018.0,345
21:25:40,ESX-FUTURE,ASK,3018.0,1364
21:25:40,ESX-FUTURE,BID,3018.0,25
21:25:40,SP-FUTURE,ASK,3064.0,506
21:25:41,ESX-FUTURE,BID,3018.0,1739
21:25:41,SP-FUTURE,BID,3062.0,32
21:25:42,ESX-FUTURE,BID,3018.0,1053
21:25:42,SP-FUTURE,BID,3061.0,1024
21:25:43,ESX-FUTURE,BID,3018.0,390
21:25:43,ESX-FUTURE,BID,3018.0,451
21:25:43,SP-FUTURE,ASK,3061.0,187
21:25:44,ESX-FUTURE,ASK,3018.0,807
21:25:45,SP-FUTURE,BID,3062.0,86
21:25:45,SP-FUTURE,BID,3062.0,146
21:25:45,ESX-FUTURE,BID,3018.0,790
21:25:47,SP-FUTURE,BID,3061.0,136
21:25:47,ESX-FUTURE,ASK,3018.0,726
21:25:47,SP-FUTURE,ASK,3061.0,22
21:25:48,ESX-FUTURE,ASK,3018.0,357
21:25:49,SP-FUTURE,ASK,3061.0,125
21:25:49,ESX-FUTURE,ASK,3018.0,1307
21:25:50,SP-FUTURE,ASK,3063.0,898
21:25:50,ESX-FUTURE,ASK,3018.0,554
21:25:51,ESX-FUTURE,BID,3018.0,190
21:25:51,SP-FUTURE,ASK,3063.0,764
21:25:51,ESX-FUTURE,BID,3018.0,698
21:25:52,SP-FUTURE,BID,3062.0,166
21:25:53,ESX-FUTURE,ASK,3018.0,538
21:25:53,SP-FUTURE,BID,3062.0,107
21:25:54,ESX-FUTURE,ASK,3018.0,150
21:25:54,SP-FUTURE,ASK,3062.0,255
21:25:55,ESX-FUTURE,BID,3018.0,1202
21:25:56,SP-FUTURE,BID,3061.0,124
21:25:56,ESX-FUTURE,ASK,3018.0,2200
21:25:57,SP-FUTURE,BID,3064.0,234
21:25:57,ESX-FUTURE,ASK,3018.0,341
21:25:58,ESX-FUTURE,BID,3018.0,444
21:25:58,SP-FUTURE,BID,3064.0,193
21:25:59,ESX-FUTURE,ASK,3018.0,771
21:25:59,SP-FUTURE,BID,3064.0,78
21:25:59,SP-FUTURE,ASK,3065.0,56
21:26:00,ESX-FUTURE,ASK,3018.0,443
21:26:01,ESX-FUTURE,ASK,3018.0,391
21:26:01,SP-FUTURE,BID,3065.0,485
21:26:02,SP-FUTURE,ASK,3065.0,861
21:26:02,ESX-FUTURE,BID,3018.0,159
21:26:03,SP-FUTURE,ASK,3065.0,364
21:26:04,SP-FUTURE,BID,3065.0,269
21:26:04,ESX-FUTURE,ASK,3018.0,130
21:26:05,SP-FUTURE,BID,3065.0,761
21:26:05,ESX-FUTURE,ASK,3018.0,504
21:26:06,SP-FUTURE,ASK,3065.0,1033
21:26:06,SP-FUTURE,ASK,3065.0,1971
21:26:07,ESX-FUTURE,BID,3018.0,471
21:26:07,SP-FUTURE,ASK,3065.0,439
21:26:08,ESX-FUTURE,ASK,3019.0,8
21:26:09,SP-FUTURE,BID,3065.0,7
21:26:09,ESX-FUTURE,ASK,3019.0,15
21:26:09,ESX-FUTURE,ASK,3019.0,12
21:26:10,SP-FUTURE,BID,3065.0,387
21:26:10,SP-FUTURE,ASK,3065.0,749
21:26:11,ESX-FUTURE,ASK,3019.0,444
21:26:11,SP-FUTURE,ASK,3065.0,478
21:26:13,SP-FUTURE,ASK,3065.0,362
21:26:13,ESX-FUTURE,BID,3019.0,170
21:26:14,SP-FUTURE,BID,3065.0,40
21:26:14,ESX-FUTURE,ASK,3019.0,420
21:26:16,SP-FUTURE,BID,3065.0,1379
21:26:17,SP-FUTURE,ASK,3065.0,827
21:26:17,ESX-FUTURE,ASK,3018.0,925
21:26:18,ESX-FUTURE,ASK,3018.0,316
21:26:18,SP-FUTURE,ASK,3066.0,293
21:26:18,ESX-FUTURE,ASK,3018.0,24
21:26:19,SP-FUTURE,ASK,3066.0,269
21:26:19,ESX-FUTURE,ASK,3018.0,1861
21:26:20,SP-FUTURE,ASK,3068.0,270
21:26:20,ESX-FUTURE,BID,3018.0,425
21:26:20,SP-FUTURE,BID,3068.0,965
21:26:21,ESX-FUTURE,ASK,3018.0,1017
21:26:22,SP-FUTURE,ASK,3068.0,971
21:26:22,ESX-FUTURE,BID,3018.0,19
21:26:23,ESX-FUTURE,ASK,3018.0,875
21:26:23,SP-FUTURE,BID,3068.0,254
21:26:24,ESX-FUTURE,BID,3018.0,37
21:26:24,SP-FUTURE,BID,3068.0,157
21:26:24,ESX-FUTURE,BID,3018.0,7
21:26:25,ESX-FUTURE,ASK,3018.0,1012
21:26:25,SP-FUTURE,ASK,3068.0,430
21:26:26,SP-FUTURE,ASK,3068.0,972
21:26:26,SP-FUTURE,BID,3068.0,16
21:26:27,ESX-FUTURE,ASK,3018.0,1408
21:26:28,SP-FUTURE,ASK,3069.0,815
21:26:28,ESX-FUTURE,ASK,3018.0,294
21:26:29,ESX-FUTURE,BID,3018.0,256
21:26:29,SP-FUTURE,BID,3068.0,499
21:26:30,SP-FUTURE,ASK,3069.0,247
21:26:31,ESX-FUTURE,BID,3018.0,218
21:26:32,ESX-FUTURE,ASK,3018.0,65
21:26:33,SP-FUTURE,BID,3068.0,201
21:26:33,ESX-FUTURE,ASK,3018.0,608
21:26:33,SP-FUTURE,ASK,3069.0,94
21:26:34,ESX-FUTURE,BID,3018.0,85
21:26:35,SP-FUTURE,ASK,3069.0,453
21:26:35,ESX-FUTURE,BID,3018.0,150
21:26:36,ESX-FUTURE,ASK,3018.0,641
21:26:36,SP-FUTURE,ASK,3069.0,103
21:26:37,SP-FUTURE,BID,3068.0,823
21:26:37,ESX-FUTURE,ASK,3018.0,1086
21:26:38,ESX-FUTURE,ASK,3018.0,2069
21:26:39,ESX-FUTURE,ASK,3018.0,550
21:26:39,SP-FUTURE,ASK,3072.0,85
21:26:40,SP-FUTURE,BID,3072.0,68
21:26:40,ESX-FUTURE,BID,3018.0,457
21:26:40,ESX-FUTURE,BID,3018.0,53
21:26:41,ESX-FUTURE,BID,3018.0,88
21:26:41,SP-FUTURE,BID,3071.0,51
21:26:42,ESX-FUTURE,BID,3018.0,331
21:26:42,SP-FUTURE,ASK,3071.0,287
21:26:44,SP-FUTURE,ASK,3071.0,1146
21:26:44,ESX-FUTURE,ASK,3019.0,302
21:26:44,ESX-FUTURE,BID,3019.0,60
21:26:44,SP-FUTURE,BID,3071.0,361
21:26:45,ESX-FUTURE,BID,3019.0,12
21:26:46,SP-FUTURE,BID,3071.0,419
21:26:46,SP-FUTURE,BID,3071.0,384
21:26:47,ESX-FUTURE,BID,3018.0,754
21:26:48,SP-FUTURE,ASK,3071.0,196
21:26:48,ESX-FUTURE,ASK,3019.0,588
21:26:49,SP-FUTURE,ASK,3071.0,52
21:26:50,ESX-FUTURE,ASK,3019.0,799
21:26:50,SP-FUTURE,ASK,3072.0,130
21:26:50,SP-FUTURE,BID,3072.0,158
21:26:51,ESX-FUTURE,BID,3018.0,1094
21:26:51,SP-FUTURE,BID,3071.0,87
21:26:52,ESX-FUTURE,BID,3018.0,435
21:26:52,SP-FUTURE,BID,3071.0,186
21:26:52,ESX-FUTURE,BID,3018.0,878
21:26:53,SP-FUTURE,BID,3071.0,1478
21:26:53,ESX-FUTURE,ASK,3018.0,414
21:26:54,SP-FUTURE,BID,3071.0,1031
21:26:54,ESX-FUTURE,BID,3017.0,211
21:26:55,SP-FUTURE,ASK,3071.0,1144
21:26:55,ESX-FUTURE,BID,3018.0,629
21:26:56,SP-FUTURE,ASK,3071.0,2014
21:26:57,ESX-FUTURE,ASK,3019.0,75
21:26:57,ESX-FUTURE,BID,3019.0,1357
21:26:58,ESX-FUTURE,ASK,3019.0,912
21:26:58,SP-FUTURE,BID,3071.0,29
21:26:59,SP-FUTURE,ASK,3071.0,5
21:27:00,ESX-FUTURE,BID,3019.0,894
21:27:00,SP-FUTURE,BID,3070.0,1431
21:27:00,ESX-FUTURE,ASK,3018.0,1394
21:27:00,ESX-FUTURE,ASK,3018.0,1097
21:27:01,SP-FUTURE,BID,3070.0,158
21:27:01,ESX-FUTURE,ASK,3018.0,2442
21:27:02,SP-FUTURE,ASK,3072.0,73
21:27:02,SP-FUTURE,BID,3071.0,534
21:27:02,ESX-FUTURE,ASK,3018.0,234
21:27:04,SP-FUTURE,ASK,3072.0,1073
21:27:04,ESX-FUTURE,ASK,3018.0,456
21:27:04,SP-FUTURE,ASK,3072.0,174
21:27:05,ESX-FUTURE,ASK,3018.0,177
21:27:05,SP-FUTURE,ASK,3072.0,540
21:27:06,ESX-FUTURE,ASK,3019.0,196
21:27:06,SP-FUTURE,ASK,3072.0,2097
21:27:07,ESX-FUTURE,ASK,3019.0,87
21:27:08,ESX-FUTURE,BID,3019.0,695
21:27:08,ESX-FUTURE,BID,3019.0,744
21:27:08,SP-FUTURE,BID,3072.0,254
21:27:09,SP-FUTURE,BID,3072.0,1
21:27:10,ESX-FUTURE,ASK,3019.0,168
21:27:11,ESX-FUTURE,ASK,3019.0,1880
21:27:11,SP-FUTURE,BID,3074.0,1065
21:27:11,SP-FUTURE,BID,3074.0,2525
21:27:11,ESX-FUTURE,ASK,3015.0,262
21:27:12,SP-FUTURE,ASK,3074.0,1198
21:27:13,ESX-FUTURE,ASK,3016.0,93
21:27:13,SP-FUTURE,BID,3074.0,69
21:27:13,SP-FUTURE,BID,3074.0,77
21:27:14,ESX-FUTURE,BID,3015.0,344
21:27:14,SP-FUTURE,BID,3074.0,27
21:27:14,ESX-FUTURE,ASK,3016.0,136
21:27:14,ESX-FUTURE,BID,3015.0,2207
21:27:15,SP-FUTURE,ASK,3071.0,154
21:27:15,ESX-FUTURE,ASK,3016.0,331
21:27:16,ESX-FUTURE,ASK,3016.0,303
21:27:16,SP-FUTURE,BID,3071.0,411
21:27:16,ESX-FUTURE,ASK,3015.0,27
21:27:17,SP-FUTURE,ASK,3072.0,129
21:27:18,ESX-FUTURE,BID,3015.0,773
21:27:18,SP-FUTURE,ASK,3071.0,80
21:27:19,SP-FUTURE,ASK,3071.0,163
21:27:19,ESX-FUTURE,BID,3015.0,121
21:27:20,SP-FUTURE,BID,3071.0,905
21:27:20,SP-FUTURE,ASK,3071.0,127
21:27:21,ESX-FUTURE,BID,3015.0,711
21:27:22,ESX-FUTURE,BID,3015.0,469
21:27:22,SP-FUTURE,ASK,3071.0,61
21:27:22,ESX-FUTURE,BID,3015.0,744
21:27:22,SP-FUTURE,ASK,3071.0,479
21:27:23,ESX-FUTURE,ASK,3016.0,1045
21:27:23,SP-FUTURE,BID,3071.0,519
21:27:24,ESX-FUTURE,BID,3015.0,708
21:27:25,SP-FUTURE,ASK,3071.0,96
21:27:25,ESX-FUTURE,BID,3015.0,1812
21:27:26,SP-FUTURE,BID,3070.0,284
21:27:26,ESX-FUTURE,ASK,3015.0,1301
21:27:27,SP-FUTURE,BID,3071.0,368
21:27:28,ESX-FUTURE,ASK,3015.0,209
21:27:28,SP-FUTURE,ASK,3071.0,240
21:27:29,SP-FUTURE,BID,3071.0,525
21:27:30,ESX-FUTURE,ASK,3015.0,326
21:27:30,SP-FUTURE,BID,3071.0,137
21:27:31,SP-FUTURE,ASK,3071.0,2223
21:27:31,ESX-FUTURE,BID,3016.0,54
21:27:31,ESX-FUTURE,BID,3016.0,38
21:27:32,SP-FUTURE,BID,3071.0,1
21:27:33,ESX-FUTURE,ASK,3016.0,467
21:27:33,SP-FUTURE,ASK,3071.0,1568
21:27:33,ESX-FUTURE,BID,3016.0,131
21:27:33,SP-FUTURE,BID,3071.0,276
21:27:33,ESX-FUTURE,ASK,3016.0,168
21:27:34,SP-FUTURE,ASK,3071.0,140
21:27:34,ESX-FUTURE,ASK,3016.0,118
21:27:35,SP-FUTURE,ASK,3071.0,9
21:27:35,ESX-FUTURE,BID,3016.0,311
21:27:35,ESX-FUTURE,ASK,3016.0,384
21:27:36,SP-FUTURE,ASK,3071.0,1128
21:27:37,ESX-FUTURE,ASK,3017.0,224
21:27:37,SP-FUTURE,ASK,3071.0,590
21:27:37,ESX-FUTURE,BID,3017.0,137
21:27:38,SP-FUTURE,BID,3071.0,1137
21:27:38,ESX-FUTURE,ASK,3017.0,107
21:27:39,ESX-FUTURE,BID,3016.0,570
21:27:40,SP-FUTURE,BID,3071.0,53
21:27:40,ESX-FUTURE,ASK,3017.0,360
21:27:41,SP-FUTURE,ASK,3071.0,172
21:27:41,ESX-FUTURE,BID,3016.0,2351
21:27:42,SP-FUTURE,BID,3068.0,1046
21:27:42,ESX-FUTURE,ASK,3016.0,323
21:27:43,ESX-FUTURE,ASK,3016.0,1238
21:27:43,SP-FUTURE,BID,3069.0,483
21:27:44,SP-FUTURE,ASK,3069.0,696
21:27:45,ESX-FUTURE,ASK,3016.0,609
21:27:45,SP-FUTURE,ASK,3069.0,145
21:27:46,ESX-FUTURE,BID,3016.0,407
21:27:47,SP-FUTURE,BID,3069.0,615
21:27:47,ESX-FUTURE,BID,3015.0,382
21:27:48,ESX-FUTURE,ASK,3015.0,9
21:27:48,SP-FUTURE,ASK,3069.0,54
21:27:49,ESX-FUTURE,ASK,3015.0,174
21:27:50,SP-FUTURE,BID,3069.0,59
21:27:51,ESX-FUTURE,ASK,3015.0,463
21:27:52,SP-FUTURE,ASK,3069.0,1703
21:27:52,ESX-FUTURE,BID,3015.0,665
21:27:53,ESX-FUTURE,BID,3015.0,626
21:27:54,SP-FUTURE,BID,3069.0,876
21:27:54,ESX-FUTURE,ASK,3016.0,530
21:27:55,ESX-FUTURE,BID,3015.0,200
21:27:55,SP-FUTURE,BID,3069.0,537
21:27:56,SP-FUTURE,BID,3069.0,176
21:27:56,ESX-FUTURE,ASK,3016.0,1241
21:27:57,SP-FUTURE,ASK,3069.0,984
21:27:57,ESX-FUTURE,ASK,3016.0,5
21:27:58,SP-FUTURE,ASK,3069.0,112
21:27:59,SP-FUTURE,BID,3069.0,102
21:27:59,ESX-FUTURE,ASK,3016.0,311
21:28:00,SP-FUTURE,ASK,3069.0,581
21:28:00,ESX-FUTURE,BID,3016.0,1072
21:28:00,ESX-FUTURE,ASK,3016.0,28
21:28:00,SP-FUTURE,ASK,3068.0,1
21:28:01,SP-FUTURE,BID,3068.0,1313
21:28:01,ESX-FUTURE,BID,3016.0,178
21:28:03,ESX-FUTURE,BID,3016.0,234
21:28:03,SP-FUTURE,ASK,3068.0,493
21:28:04,ESX-FUTURE,ASK,3016.0,1167
21:28:05,SP-FUTURE,BID,3068.0,669
21:28:06,SP-FUTURE,ASK,3069.0,56
21:28:06,SP-FUTURE,ASK,3069.0,152
21:28:07,ESX-FUTURE,BID,3016.0,1523
21:28:07,SP-FUTURE,ASK,3068.0,80
21:28:08,SP-FUTURE,BID,3068.0,400
21:28:08,ESX-FUTURE,BID,3016.0,471
21:28:08,SP-FUTURE,ASK,3068.0,32
21:28:09,ESX-FUTURE,BID,3016.0,332
21:28:10,SP-FUTURE,BID,3068.0,104
21:28:10,ESX-FUTURE,BID,3016.0,259
21:28:11,SP-FUTURE,ASK,3068.0,268
21:28:11,ESX-FUTURE,BID,3016.0,830
21:28:12,SP-FUTURE,BID,3068.0,336
21:28:13,ESX-FUTURE,BID,3016.0,41
21:28:14,SP-FUTURE,BID,3068.0,245
21:28:14,ESX-FUTURE,BID,3016.0,1086
21:28:14,SP-FUTURE,BID,3067.0,1350
21:28:14,SP-FUTURE,ASK,3067.0,70
21:28:15,ESX-FUTURE,ASK,3015.0,390
21:28:15,SP-FUTURE,ASK,3068.0,797
21:28:15,SP-FUTURE,ASK,3068.0,739
21:28:16,ESX-FUTURE,BID,3016.0,32
21:28:16,SP-FUTURE,ASK,3068.0,548
21:28:17,ESX-FUTURE,BID,3016.0,1273
21:28:18,SP-FUTURE,ASK,3067.0,450
21:28:19,SP-FUTURE,BID,3067.0,803
21:28:19,ESX-FUTURE,BID,3015.0,502
21:28:19,SP-FUTURE,ASK,3067.0,319
21:28:20,ESX-FUTURE,ASK,3016.0,296
21:28:20,SP-FUTURE,ASK,3067.0,218
21:28:20,ESX-FUTURE,BID,3015.0,2324
21:28:21,ESX-FUTURE,BID,3015.0,355
21:28:21,ESX-FUTURE,ASK,3016.0,135
21:28:21,SP-FUTURE,ASK,3064.0,507
21:28:22,SP-FUTURE,ASK,3064.0,478
21:28:22,ESX-FUTURE,ASK,3016.0,293
21:28:23,SP-FUTURE,BID,3064.0,1447
21:28:23,SP-FUTURE,ASK,3064.0,31
21:28:24,ESX-FUTURE,BID,3014.0,191
21:28:24,ESX-FUTURE,ASK,3014.0,1489
21:28:24,SP-FUTURE,BID,3064.0,1810
21:28:25,SP-FUTURE,BID,3064.0,2198
21:28:27,SP-FUTURE,BID,3064.0,727
21:28:27,ESX-FUTURE,BID,3012.0,68
21:28:27,SP-FUTURE,BID,3064.0,453
21:28:28,ESX-FUTURE,ASK,3012.0,1
21:28:29,ESX-FUTURE,BID,3012.0,154
21:28:30,ESX-FUTURE,ASK,3012.0,357
21:28:30,SP-FUTURE,BID,3064.0,834
21:28:31,ESX-FUTURE,ASK,3012.0,4
21:28:32,SP-FUTURE,ASK,3065.0,452
21:28:32,ESX-FUTURE,ASK,3012.0,1000
21:28:32,SP-FUTURE,BID,3065.0,983
21:28:33,ESX-FUTURE,BID,3012.0,30
21:28:33,SP-FUTURE,ASK,3065.0,48
21:28:34,ESX-FUTURE,BID,3012.0,111
21:28:34,SP-FUTURE,BID,3065.0,960
21:28:35,ESX-FUTURE,ASK,3012.0,3
21:28:35,ESX-FUTURE,ASK,3012.0,7
21:28:36,ESX-FUTURE,ASK,3012.0,21
21:28:37,SP-FUTURE,ASK,3065.0,74
21:28:37,ESX-FUTURE,BID,3012.0,41
21:28:37,SP-FUTURE,BID,3065.0,866
21:28:38,SP-FUTURE,ASK,3065.0,130
21:28:38,ESX-FUTURE,BID,3011.0,161
21:28:39,ESX-FUTURE,ASK,3012.0,1328
21:28:39,SP-FUTURE,BID,3066.0,316
21:28:40,SP-FUTURE,BID,3066.0,330
21:28:40,ESX-FUTURE,BID,3011.0,31
21:28:42,SP-FUTURE,BID,3066.0,241
21:28:42,ESX-FUTURE,BID,3011.0,610
21:28:43,SP-FUTURE,BID,3065.0,820
21:28:44,ESX-FUTURE,BID,3010.0,230
21:28:44,ESX-FUTURE,BID,3010.0,1182
21:28:45,ESX-FUTURE,BID,3010.0,711
21:28:45,SP-FUTURE,ASK,3065.0,246
21:28:46,ESX-FUTURE,BID,3011.0,313
21:28:46,SP-FUTURE,BID,3065.0,479
21:28:47,SP-FUTURE,BID,3065.0,601
21:28:47,ESX-FUTURE,BID,3010.0,17
21:28:48,SP-FUTURE,BID,3065.0,115
21:28:48,ESX-FUTURE,BID,3010.0,577
21:28:49,SP-FUTURE,BID,3065.0,212
21:28:49,ESX-FUTURE,BID,3010.0,218
21:28:50,ESX-FUTURE,BID,3010.0,1027
21:28:50,SP-FUTURE,BID,3064.0,97
21:28:51,SP-FUTURE,ASK,3065.0,748
21:28:51,SP-FUTURE,BID,3064.0,62
21:28:51,ESX-FUTURE,ASK,3010.0,102
21:28:52,ESX-FUTURE,ASK,3010.0,220
21:28:52,SP-FUTURE,BID,3064.0,3
21:28:53,SP-FUTURE,BID,3064.0,609
21:28:53,ESX-FUTURE,BID,3010.0,101
21:28:54,SP-FUTURE,ASK,3065.0,188
21:28:55,ESX-FUTURE,BID,3010.0,332
21:28:55,SP-FUTURE,ASK,3064.0,429
21:28:56,ESX-FUTURE,BID,3010.0,225
21:28:56,SP-FUTURE,ASK,3064.0,233
21:28:57,SP-FUTURE,ASK,3064.0,310
21:28:58,SP-FUTURE,BID,3064.0,425
21:28:58,ESX-FUTURE,BID,3010.0,97
21:28:58,SP-FUTURE,ASK,3064.0,27
21:28:59,SP-FUTURE,BID,3064.0,178
21:29:00,ESX-FUTURE,BID,3010.0,973
21:29:01,SP-FUTURE,BID,3064.0,146
21:29:01,ESX-FUTURE,ASK,3010.0,261
21:29:01,SP-FUTURE,ASK,3064.0,134
21:29:02,SP-FUTURE,ASK,3064.0,1258
21:29:02,SP-FUTURE,BID,3064.0,113
21:29:03,SP-FUTURE,ASK,3064.0,583
21:29:03,SP-FUTURE,ASK,3064.0,459
21:29:04,SP-FUTURE,BID,3064.0,12
21:29:04,ESX-FUTURE,BID,3010.0,173
21:29:04,SP-FUTURE,BID,3064.0,57
21:29:05,ESX-FUTURE,ASK,3010.0,139
21:29:06,SP-FUTURE,ASK,3064.0,1314
21:29:06,SP-FUTURE,ASK,3064.0,1145
21:29:06,ESX-FUTURE,BID,3011.0,13
21:29:07,SP-FUTURE,ASK,3064.0,1223
21:29:07,ESX-FUTURE,BID,3011.0,1250
21:29:07,SP-FUTURE,BID,3063.0,125
21:29:08,ESX-FUTURE,BID,3011.0,13
21:29:09,SP-FUTURE,ASK,3064.0,1063
21:29:09,ESX-FUTURE,ASK,3012.0,938
21:29:10,SP-FUTURE,BID,3064.0,1223
21:29:10,SP-FUTURE,ASK,3064.0,32
21:29:11,SP-FUTURE,BID,3064.0,1008
21:29:11,ESX-FUTURE,BID,3012.0,294
21:29:11,ESX-FUTURE,BID,3012.0,1207
21:29:11,SP-FUTURE,ASK,3063.0,1410
21:29:12,SP-FUTURE,ASK,3063.0,85
21:29:12,ESX-FUTURE,ASK,3013.0,1047
21:29:12,SP-FUTURE,ASK,3063.0,1345
21:29:13,ESX-FUTURE,ASK,3014.0,375
21:29:13,ESX-FUTURE,ASK,3014.0,443
21:29:13,SP-FUTURE,ASK,3063.0,133
21:29:14,ESX-FUTURE,ASK,3014.0,866
21:29:14,SP-FUTURE,BID,3064.0,1236
21:29:15,ESX-FUTURE,BID,3013.0,1395
21:29:15,SP-FUTURE,ASK,3064.0,367
21:29:15,SP-FUTURE,ASK,3064.0,219
21:29:16,ESX-FUTURE,ASK,3013.0,189
21:29:16,SP-FUTURE,BID,3064.0,14
21:29:17,ESX-FUTURE,BID,3013.0,551
21:29:17,SP-FUTURE,ASK,3064.0,89
21:29:17,SP-FUTURE,ASK,3064.0,68
21:29:18,ESX-FUTURE,BID,3013.0,373
21:29:19,SP-FUTURE,BID,3063.0,1706
21:29:19,ESX-FUTURE,ASK,3012.0,69
21:29:20,ESX-FUTURE,BID,3012.0,610
21:29:21,SP-FUTURE,ASK,3064.0,618
21:29:21,ESX-FUTURE,ASK,3012.0,344
21:29:21,SP-FUTURE,BID,3064.0,6
21:29:21,ESX-FUTURE,ASK,3012.0,382
21:29:22,SP-FUTURE,ASK,3064.0,373
21:29:22,SP-FUTURE,ASK,3064.0,395
21:29:23,ESX-FUTURE,BID,3012.0,191
21:29:23,SP-FUTURE,ASK,3064.0,1896
21:29:24,ESX-FUTURE,ASK,3014.0,196
21:29:24,SP-FUTURE,ASK,3064.0,248
21:29:24,SP-FUTURE,ASK,3064.0,992
21:29:25,ESX-FUTURE,BID,3015.0,75
21:29:26,SP-FUTURE,BID,3064.0,651
21:29:27,ESX-FUTURE,BID,3015.0,345
21:29:27,SP-FUTURE,BID,3064.0,25
21:29:27,SP-FUTURE,ASK,3064.0,259
21:29:28,ESX-FUTURE,BID,3015.0,815
21:29:29,SP-FUTURE,BID,3063.0,606
21:29:29,SP-FUTURE,BID,3063.0,17
21:29:29,SP-FUTURE,ASK,3063.0,427
21:29:30,SP-FUTURE,ASK,3063.0,1796
21:29:30,SP-FUTURE,ASK,3063.0,39
21:29:30,ESX-FUTURE,ASK,3017.0,2091
21:29:30,SP-FUTURE,ASK,3064.0,1011
21:29:31,ESX-FUTURE,BID,3017.0,187
21:29:31,SP-FUTURE,ASK,3064.0,772
21:29:33,ESX-FUTURE,BID,3018.0,357
21:29:33,SP-FUTURE,ASK,3064.0,201
21:29:34,SP-FUTURE,BID,3064.0,642
21:29:34,ESX-FUTURE,ASK,3018.0,393
21:29:35,SP-FUTURE,BID,3064.0,914
21:29:35,ESX-FUTURE,ASK,3018.0,1997
21:29:35,SP-FUTURE,BID,3066.0,37
21:29:36,ESX-FUTURE,ASK,3018.0,491
21:29:36,SP-FUTURE,ASK,3066.0,289
21:29:37,ESX-FUTURE,BID,3018.0,1107
21:29:37,SP-FUTURE,BID,3065.0,814
21:29:38,SP-FUTURE,BID,3065.0,1450
21:29:38,ESX-FUTURE,BID,3017.0,616
21:29:39,SP-FUTURE,BID,3065.0,9
21:29:39,ESX-FUTURE,BID,3017.0,852
21:29:40,SP-FUTURE,BID,3065.0,885
21:29:40,ESX-FUTURE,BID,3017.0,696
21:29:41,SP-FUTURE,ASK,3065.0,15
21:29:41,ESX-FUTURE,BID,3017.0,1355
21:29:41,ESX-FUTURE,BID,3017.0,248
21:29:42,ESX-FUTURE,ASK,3017.0,271
21:29:42,SP-FUTURE,ASK,3064.0,466
21:29:43,ESX-FUTURE,ASK,3017.0,330
21:29:43,SP-FUTURE,BID,3064.0,178
21:29:44,ESX-FUTURE,ASK,3017.0,123
21:29:44,SP-FUTURE,ASK,3064.0,99
21:29:45,ESX-FUTURE,ASK,3017.0,162
21:29:45,ESX-FUTURE,ASK,3017.0,214
21:29:45,SP-FUTURE,BID,3064.0,360
21:29:46,ESX-FUTURE,ASK,3017.0,2116
21:29:46,SP-FUTURE,ASK,3066.0,134
21:29:47,ESX-FUTURE,ASK,3017.0,1938
21:29:47,SP-FUTURE,ASK,3069.0,318
21:29:49,ESX-FUTURE,ASK,3017.0,259
21:29:49,SP-FUTURE,ASK,3069.0,381
21:29:49,SP-FUTURE,ASK,3069.0,819
21:29:50,ESX-FUTURE,ASK,3017.0,373
21:29:50,SP-FUTURE,ASK,3069.0,382
21:29:51,ESX-FUTURE,BID,3017.0,868
21:29:52,ESX-FUTURE,BID,3017.0,252
21:29:53,SP-FUTURE,ASK,3068.0,3
21:29:54,SP-FUTURE,ASK,3068.0,1
21:29:54,ESX-FUTURE,ASK,3017.0,47
21:29:54,SP-FUTURE,BID,3068.0,374
21:29:55,ESX-FUTURE,ASK,3017.0,1045
21:29:55,SP-FUTURE,BID,3069.0,62
21:29:56,SP-FUTURE,BID,3069.0,680
21:29:56,ESX-FUTURE,BID,3017.0,290
21:29:57,ESX-FUTURE,ASK,3017.0,865
21:29:57,ESX-FUTURE,ASK,3017.0,1711
21:29:57,SP-FUTURE,BID,3070.0,413
21:29:58,SP-FUTURE,BID,3070.0,78
21:29:58,ESX-FUTURE,BID,3016.0,220
21:29:59,SP-FUTURE,ASK,3070.0,751
21:29:59,ESX-FUTURE,BID,3016.0,793
21:30:00,ESX-FUTURE,ASK,3017.0,653
21:30:00,ESX-FUTURE,ASK,3017.0,418
21:30:00,SP-FUTURE,ASK,3071.0,1487
21:30:00,SP-FUTURE,ASK,3071.0,252
21:30:01,SP-FUTURE,ASK,3071.0,662
21:30:02,ESX-FUTURE,ASK,3018.0,391
21:30:03,SP-FUTURE,BID,3070.0,228
21:30:03,ESX-FUTURE,ASK,3017.0,12
21:30:04,ESX-FUTURE,BID,3017.0,456
21:30:05,SP-FUTURE,ASK,3071.0,164
21:30:06,SP-FUTURE,BID,3070.0,60
21:30:06,ESX-FUTURE,BID,3017.0,2
21:30:06,SP-FUTURE,ASK,3071.0,1369
21:30:06,SP-FUTURE,ASK,3071.0,1195
21:30:07,ESX-FUTURE,BID,3019.0,123
21:30:07,SP-FUTURE,ASK,3071.0,5
21:30:08,SP-FUTURE,ASK,3071.0,342
21:30:09,ESX-FUTURE,BID,3019.0,106
21:30:09,SP-FUTURE,BID,3070.0,12
21:30:10,SP-FUTURE,BID,3070.0,68
21:30:10,ESX-FUTURE,ASK,3020.0,824
21:30:11,ESX-FUTURE,BID,3019.0,393
21:30:11,SP-FUTURE,BID,3070.0,791
21:30:11,ESX-FUTURE,BID,3019.0,149
21:30:11,ESX-FUTURE,ASK,3019.0,924
21:30:11,SP-FUTURE,ASK,3071.0,884
21:30:12,SP-FUTURE,BID,3070.0,322
21:30:12,ESX-FUTURE,ASK,3020.0,79
21:30:14,SP-FUTURE,ASK,3071.0,790
21:30:14,ESX-FUTURE,BID,3020.0,1201
21:30:15,ESX-FUTURE,BID,3020.0,1896
21:30:15,SP-FUTURE,ASK,3070.0,460
21:30:16,ESX-FUTURE,ASK,3020.0,406
21:30:17,SP-FUTURE,BID,3070.0,475
21:30:18,ESX-FUTURE,BID,3020.0,7
21:30:18,SP-FUTURE,ASK,3070.0,893
21:30:19,ESX-FUTURE,BID,3020.0,1045
21:30:20,SP-FUTURE,BID,3070.0,422
21:30:20,ESX-FUTURE,ASK,3020.0,2
21:30:20,SP-FUTURE,BID,3070.0,170
21:30:22,ESX-FUTURE,BID,3020.0,2299
21:30:22,SP-FUTURE,ASK,3067.0,1632
21:30:23,SP-FUTURE,ASK,3067.0,1695
21:30:23,ESX-FUTURE,BID,3024.0,318
21:30:23,SP-FUTURE,ASK,3067.0,861
21:30:23,ESX-FUTURE,BID,3024.0,6
21:30:24,ESX-FUTURE,BID,3024.0,64
21:30:24,SP-FUTURE,BID,3067.0,26
21:30:25,ESX-FUTURE,BID,3024.0,1
21:30:25,SP-FUTURE,BID,3067.0,81
21:30:26,ESX-FUTURE,BID,3024.0,1711
21:30:26,SP-FUTURE,ASK,3067.0,42
21:30:27,ESX-FUTURE,BID,3024.0,103
21:30:27,ESX-FUTURE,BID,3024.0,160
21:30:27,SP-FUTURE,BID,3067.0,1300
21:30:29,SP-FUTURE,ASK,3067.0,70
21:30:29,ESX-FUTURE,ASK,3024.0,784
21:30:29,SP-FUTURE,ASK,3067.0,936
21:30:29,ESX-FUTURE,ASK,3024.0,299
21:30:30,ESX-FUTURE,ASK,3024.0,599
21:30:31,SP-FUTURE,ASK,3068.0,544
21:30:31,ESX-FUTURE,BID,3024.0,2305
21:30:32,SP-FUTURE,BID,3067.0,199
21:30:33,SP-FUTURE,ASK,3067.0,1256
21:30:33,ESX-FUTURE,ASK,3025.0,472
21:30:34,SP-FUTURE,ASK,3067.0,472
21:30:35,SP-FUTURE,ASK,3067.0,250
21:30:35,ESX-FUTURE,BID,3025.0,241
21:30:35,ESX-FUTURE,BID,3025.0,686
21:30:36,SP-FUTURE,BID,3067.0,41
21:30:36,SP-FUTURE,ASK,3067.0,490
21:30:37,ESX-FUTURE,BID,3025.0,441
21:30:38,SP-FUTURE,BID,3066.0,387
21:30:39,ESX-FUTURE,ASK,3025.0,882
21:30:39,SP-FUTURE,ASK,3067.0,371
21:30:39,ESX-FUTURE,ASK,3026.0,591
21:30:40,SP-FUTURE,BID,3067.0,1632
21:30:40,ESX-FUTURE,ASK,3024.0,21
21:30:42,ESX-FUTURE,ASK,3024.0,577
21:30:42,SP-FUTURE,BID,3067.0,815
21:30:43,ESX-FUTURE,BID,3023.0,131
21:30:43,ESX-FUTURE,ASK,3024.0,722
21:30:43,SP-FUTURE,BID,3067.0,46
21:30:44,ESX-FUTURE,BID,3023.0,454
21:30:45,SP-FUTURE,BID,3067.0,1257
21:30:45,ESX-FUTURE,ASK,3023.0,332
21:30:46,SP-FUTURE,ASK,3067.0,4
21:30:46,ESX-FUTURE,ASK,3023.0,2385
21:30:47,ESX-FUTURE,BID,3023.0,342
21:30:47,SP-FUTURE,BID,3070.0,703
21:30:48,ESX-FUTURE,BID,3022.0,21
21:30:48,ESX-FUTURE,BID,3022.0,270
21:30:49,SP-FUTURE,ASK,3070.0,438
21:30:49,ESX-FUTURE,BID,3022.0,750
21:30:50,ESX-FUTURE,ASK,3023.0,1023
21:30:50,SP-FUTURE,ASK,3070.0,2059
21:30:50,ESX-FUTURE,BID,3025.0,975
21:30:51,SP-FUTURE,ASK,3070.0,98
21:30:52,SP-FUTURE,ASK,3070.0,215
21:30:52,ESX-FUTURE,BID,3025.0,259
21:30:52,SP-FUTURE,BID,3069.0,1319
21:30:54,ESX-FUTURE,BID,3023.0,168
21:30:54,SP-FUTURE,ASK,3070.0,844
21:30:54,SP-FUTURE,BID,3069.0,94
21:30:55,ESX-FUTURE,BID,3024.0,632
21:30:55,SP-FUTURE,ASK,3069.0,1802
21:30:56,SP-FUTURE,BID,3069.0,26
21:30:57,ESX-FUTURE,BID,3024.0,258
21:30:57,SP-FUTURE,ASK,3069.0,392
21:30:57,SP-FUTURE,BID,3069.0,665
21:30:57,SP-FUTURE,ASK,3069.0,105
21:30:58,SP-FUTURE,BID,3069.0,1033
21:30:59,ESX-FUTURE,BID,3024.0,967
21:30:59,SP-FUTURE,BID,3069.0,2521
21:31:00,ESX-FUTURE,BID,3020.0,896
21:31:00,ESX-FUTURE,BID,3020.0,1817
21:31:00,SP-FUTURE,BID,3067.0,63
21:31:01,ESX-FUTURE,ASK,3020.0,348
21:31:01,SP-FUTURE,ASK,3067.0,501
21:31:02,ESX-FUTURE,BID,3020.0,427
21:31:02,SP-FUTURE,BID,3067.0,126
21:31:02,SP-FUTURE,BID,3067.0,51
21:31:04,SP-FUTURE,ASK,3067.0,1618
21:31:04,ESX-FUTURE,BID,3021.0,1421
21:31:05,SP-FUTURE,ASK,3067.0,471
21:31:05,ESX-FUTURE,BID,3021.0,1560
21:31:06,SP-FUTURE,BID,3066.0,143
21:31:06,ESX-FUTURE,ASK,3021.0,177
21:31:07,SP-FUTURE,ASK,3067.0,1679
21:31:08,ESX-FUTURE,ASK,3023.0,31
21:31:08,ESX-FUTURE,ASK,3023.0,1296
21:31:08,SP-FUTURE,ASK,3067.0,277
21:31:09,ESX-FUTURE,ASK,3023.0,1730
21:31:09,SP-FUTURE,BID,3068.0,214
21:31:09,ESX-FUTURE,BID,3023.0,129
21:31:10,SP-FUTURE,BID,3068.0,28
21:31:11,ESX-FUTURE,BID,3023.0,99
21:31:11,ESX-FUTURE,BID,3023.0,60
21:31:12,SP-FUTURE,ASK,3068.0,207
21:31:12,ESX-FUTURE,ASK,3023.0,5
21:31:13,SP-FUTURE,ASK,3068.0,4
21:31:13,SP-FUTURE,BID,3068.0,1850
21:31:14,ESX-FUTURE,ASK,3022.0,1239
21:31:15,ESX-FUTURE,BID,3022.0,602
21:31:15,SP-FUTURE,ASK,3068.0,49
21:31:16,SP-FUTURE,ASK,3068.0,175
21:31:16,ESX-FUTURE,BID,3022.0,703
21:31:16,ESX-FUTURE,ASK,3022.0,984
21:31:17,SP-FUTURE,ASK,3069.0,609
21:31:18,ESX-FUTURE,BID,3022.0,171
21:31:18,SP-FUTURE,BID,3069.0,11
21:31:18,ESX-FUTURE,ASK,3022.0,117
21:31:19,ESX-FUTURE,BID,3022.0,428
21:31:19,SP-FUTURE,ASK,3069.0,126
21:31:20,ESX-FUTURE,ASK,3022.0,90
21:31:20,SP-FUTURE,BID,3068.0,344
21:31:20,SP-FUTURE,BID,3068.0,1154
21:31:20,SP-FUTURE,ASK,3069.0,126
21:31:20,SP-FUTURE,ASK,3069.0,115
21:31:21,ESX-FUTURE,BID,3022.0,769
21:31:22,SP-FUTURE,BID,3068.0,105
21:31:22,ESX-FUTURE,BID,3022.0,488
21:31:22,SP-FUTURE,ASK,3068.0,1222
21:31:22,SP-FUTURE,BID,3068.0,536
21:31:23,SP-FUTURE,ASK,3068.0,799
21:31:23,ESX-FUTURE,BID,3023.0,459
21:31:25,SP-FUTURE,ASK,3068.0,1324
21:31:25,ESX-FUTURE,ASK,3024.0,1685
21:31:25,SP-FUTURE,BID,3069.0,223
21:31:26,ESX-FUTURE,BID,3024.0,1473
21:31:26,ESX-FUTURE,BID,3024.0,999
21:31:26,SP-FUTURE,BID,3069.0,2037
21:31:26,ESX-FUTURE,BID,3023.0,281
21:31:27,ESX-FUTURE,ASK,3023.0,1121
21:31:28,SP-FUTURE,ASK,3070.0,82
21:31:28,ESX-FUTURE,BID,3023.0,5
21:31:29,SP-FUTURE,BID,3069.0,568
21:31:29,SP-FUTURE,ASK,3070.0,64
21:31:29,ESX-FUTURE,ASK,3023.0,1433
21:31:30,SP-FUTURE,ASK,3070.0,62
21:31:30,ESX-FUTURE,ASK,3023.0,1926
21:31:31,ESX-FUTURE,BID,3023.0,313
21:31:31,ESX-FUTURE,ASK,3023.0,626
21:31:31,SP-FUTURE,BID,3072.0,209
21:31:32,ESX-FUTURE,ASK,3023.0,96
21:31:32,SP-FUTURE,BID,3072.0,117
21:31:32,SP-FUTURE,ASK,3072.0,1627
21:31:33,SP-FUTURE,BID,3072.0,149
21:31:34,ESX-FUTURE,ASK,3024.0,493
21:31:34,ESX-FUTURE,BID,3024.0,730
21:31:35,SP-FUTURE,BID,3072.0,797
21:31:35,SP-FUTURE,ASK,3072.0,22
21:31:35,ESX-FUTURE,ASK,3024.0,1378
21:31:36,SP-FUTURE,ASK,3072.0,82
21:31:36,ESX-FUTURE,ASK,3024.0,826
21:31:37,ESX-FUTURE,BID,3023.0,451
21:31:37,SP-FUTURE,BID,3072.0,1499
21:31:38,ESX-FUTURE,ASK,3023.0,70
21:31:38,ESX-FUTURE,ASK,3023.0,92
21:31:39,SP-FUTURE,ASK,3072.0,3
21:31:39,ESX-FUTURE,ASK,3023.0,177
21:31:40,SP-FUTURE,ASK,3072.0,921
21:31:44,ESX-FUTURE,BID,3023.0,449
21:31:44,SP-FUTURE,BID,3072.0,524
21:31:45,ESX-FUTURE,BID,3023.0,299
21:31:45,SP-FUTURE,BID,3072.0,337
21:31:45,SP-FUTURE,ASK,3072.0,718
21:31:46,ESX-FUTURE,BID,3023.0,433
21:31:46,ESX-FUTURE,BID,3023.0,421
21:31:47,ESX-FUTURE,BID,3023.0,1591
21:31:47,SP-FUTURE,ASK,3070.0,1692
21:31:47,ESX-FUTURE,BID,3025.0,769
21:31:48,ESX-FUTURE,ASK,3025.0,101
21:31:48,SP-FUTURE,BID,3069.0,371
21:31:49,SP-FUTURE,BID,3069.0,634
21:31:50,SP-FUTURE,BID,3069.0,281
21:31:50,ESX-FUTURE,ASK,3024.0,80
21:31:51,ESX-FUTURE,ASK,3024.0,34
21:31:51,ESX-FUTURE,BID,3024.0,2045
21:31:51,SP-FUTURE,ASK,3069.0,243
21:31:52,ESX-FUTURE,BID,3024.0,43
21:31:52,SP-FUTURE,ASK,3069.0,218
21:31:53,ESX-FUTURE,BID,3024.0,258
21:31:53,SP-FUTURE,ASK,3069.0,594
21:31:54,ESX-FUTURE,ASK,3025.0,698
21:31:54,SP-FUTURE,ASK,3069.0,204
21:31:55,ESX-FUTURE,ASK,3025.0,848
21:31:55,ESX-FUTURE,ASK,3025.0,264
21:31:56,SP-FUTURE,ASK,3070.0,11
21:31:57,SP-FUTURE,ASK,3070.0,147
21:31:57,ESX-FUTURE,BID,3025.0,1486
21:31:58,ESX-FUTURE,ASK,3025.0,131
21:31:58,SP-FUTURE,ASK,3069.0,332
21:31:58,ESX-FUTURE,BID,3025.0,2023
21:31:59,SP-FUTURE,BID,3069.0,278
21:31:59,ESX-FUTURE,BID,3025.0,1009
21:32:00,SP-FUTURE,ASK,3069.0,147
21:32:00,ESX-FUTURE,ASK,3025.0,65
21:32:01,ESX-FUTURE,ASK,3025.0,22
21:32:01,SP-FUTURE,ASK,3069.0,965
21:32:02,ESX-FUTURE,ASK,3026.0,621
21:32:02,ESX-FUTURE,BID,3026.0,41
21:32:03,SP-FUTURE,BID,3069.0,1073
21:32:03,SP-FUTURE,ASK,3069.0,89
21:32:04,ESX-FUTURE,ASK,3026.0,23
21:32:06,SP-FUTURE,BID,3069.0,1275
21:32:06,ESX-FUTURE,BID,3025.0,632
21:32:06,SP-FUTURE,BID,3069.0,12
21:32:06,SP-FUTURE,ASK,3069.0,62
21:32:07,ESX-FUTURE,ASK,3026.0,484
21:32:07,ESX-FUTURE,BID,3025.0,4
21:32:07,SP-FUTURE,ASK,3069.0,75
21:32:08,ESX-FUTURE,BID,3025.0,1805
21:32:08,SP-FUTURE,ASK,3067.0,331
21:32:08,SP-FUTURE,ASK,3067.0,598
21:32:10,ESX-FUTURE,ASK,3026.0,1681
21:32:10,SP-FUTURE,BID,3069.0,4
21:32:11,ESX-FUTURE,BID,3026.0,481
21:32:12,ESX-FUTURE,ASK,3026.0,588
21:32:12,ESX-FUTURE,BID,3026.0,487
21:32:12,SP-FUTURE,BID,3068.0,444
21:32:14,SP-FUTURE,ASK,3069.0,1435
21:32:14,ESX-FUTURE,BID,3026.0,484
21:32:14,SP-FUTURE,ASK,3069.0,1289
21:32:15,ESX-FUTURE,ASK,3027.0,112
21:32:15,ESX-FUTURE,BID,3027.0,3
21:32:15,SP-FUTURE,BID,3068.0,116
21:32:16,ESX-FUTURE,ASK,3027.0,363
21:32:16,ESX-FUTURE,ASK,3027.0,555
21:32:17,SP-FUTURE,BID,3068.0,461
21:32:17,ESX-FUTURE,BID,3026.0,397
21:32:18,ESX-FUTURE,BID,3026.0,2674
21:32:18,ESX-FUTURE,BID,3026.0,82
21:32:18,SP-FUTURE,BID,3065.0,192
21:32:19,SP-FUTURE,BID,3065.0,387
21:32:19,ESX-FUTURE,BID,3026.0,69
21:32:20,ESX-FUTURE,ASK,3027.0,428
21:32:20,SP-FUTURE,ASK,3065.0,1660
21:32:21,SP-FUTURE,ASK,3065.0,979
21:32:21,ESX-FUTURE,BID,3028.0,945
21:32:22,SP-FUTURE,BID,3064.0,23
21:32:22,ESX-FUTURE,ASK,3028.0,1288
21:32:22,ESX-FUTURE,ASK,3028.0,1438
21:32:23,SP-FUTURE,BID,3067.0,1314
21:32:23,ESX-FUTURE,ASK,3027.0,2420
21:32:24,SP-FUTURE,BID,3070.0,112
21:32:24,ESX-FUTURE,BID,3027.0,57
21:32:25,SP-FUTURE,BID,3070.0,354
21:32:25,ESX-FUTURE,BID,3027.0,237
21:32:25,ESX-FUTURE,ASK,3027.0,153
21:32:26,SP-FUTURE,ASK,3070.0,171
21:32:26,ESX-FUTURE,ASK,3027.0,1006
21:32:26,ESX-FUTURE,ASK,3027.0,306
21:32:27,SP-FUTURE,BID,3071.0,26
21:32:27,ESX-FUTURE,BID,3027.0,378
21:32:28,ESX-FUTURE,BID,3027.0,951
21:32:28,SP-FUTURE,ASK,3070.0,313
21:32:28,ESX-FUTURE,ASK,3027.0,674
21:32:30,SP-FUTURE,ASK,3070.0,197
21:32:30,ESX-FUTURE,ASK,3027.0,2058
21:32:30,ESX-FUTURE,ASK,3027.0,1277
21:32:31,SP-FUTURE,BID,3073.0,655
21:32:31,ESX-FUTURE,ASK,3027.0,671
21:32:32,SP-FUTURE,ASK,3074.0,21
21:32:32,ESX-FUTURE,BID,3026.0,190
21:32:32,SP-FUTURE,ASK,3074.0,1302
21:32:34,SP-FUTURE,ASK,3074.0,1068
21:32:34,ESX-FUTURE,ASK,3027.0,107
21:32:34,ESX-FUTURE,BID,3027.0,363
21:32:35,SP-FUTURE,BID,3073.0,2038
21:32:35,ESX-FUTURE,BID,3025.0,299
21:32:36,ESX-FUTURE,ASK,3025.0,793
21:32:36,SP-FUTURE,ASK,3074.0,761
21:32:36,ESX-FUTURE,BID,3025.0,323
21:32:37,SP-FUTURE,BID,3073.0,47
21:32:38,ESX-FUTURE,BID,3025.0,1425
21:32:39,SP-FUTURE,BID,3073.0,553
21:32:39,ESX-FUTURE,ASK,3025.0,421
21:32:39,ESX-FUTURE,ASK,3025.0,321
21:32:40,SP-FUTURE,ASK,3074.0,499
21:32:40,ESX-FUTURE,BID,3025.0,58
21:32:40,ESX-FUTURE,BID,3025.0,1215
21:32:41,SP-FUTURE,ASK,3073.0,801
21:32:42,ESX-FUTURE,ASK,3026.0,1209
21:32:42,ESX-FUTURE,ASK,3026.0,805
21:32:44,SP-FUTURE,ASK,3074.0,458
21:32:44,ESX-FUTURE,BID,3026.0,289
21:32:45,ESX-FUTURE,ASK,3026.0,704
21:32:45,SP-FUTURE,BID,3074.0,256
21:32:45,ESX-FUTURE,ASK,3026.0,610
21:32:46,SP-FUTURE,ASK,3075.0,1211
21:32:46,ESX-FUTURE,BID,3027.0,784
21:32:47,ESX-FUTURE,BID,3027.0,2233
21:32:47,SP-FUTURE,ASK,3072.0,245
21:32:48,SP-FUTURE,BID,3072.0,318
21:32:48,ESX-FUTURE,BID,3027.0,1150
21:32:49,SP-FUTURE,BID,3072.0,424
21:32:49,ESX-FUTURE,BID,3027.0,277
21:32:49,ESX-FUTURE,ASK,3027.0,581
21:32:50,SP-FUTURE,ASK,3072.0,407
21:32:50,ESX-FUTURE,ASK,3027.0,115
21:32:50,SP-FUTURE,ASK,3072.0,352
21:32:51,ESX-FUTURE,ASK,3027.0,847
21:32:52,SP-FUTURE,BID,3072.0,1082
21:32:52,ESX-FUTURE,ASK,3027.0,147
21:32:52,ESX-FUTURE,BID,3027.0,4
21:32:53,ESX-FUTURE,BID,3027.0,1
21:32:53,SP-FUTURE,ASK,3073.0,412
21:32:54,SP-FUTURE,ASK,3073.0,581
21:32:54,ESX-FUTURE,ASK,3027.0,731
21:32:54,SP-FUTURE,ASK,3073.0,188
21:32:55,ESX-FUTURE,BID,3027.0,1074
21:32:55,SP-FUTURE,BID,3072.0,271
21:32:56,ESX-FUTURE,BID,3027.0,378
21:32:56,SP-FUTURE,ASK,3072.0,1733
21:32:56,ESX-FUTURE,BID,3029.0,1993
21:32:57,SP-FUTURE,BID,3071.0,669
21:32:58,ESX-FUTURE,ASK,3029.0,397
21:32:58,SP-FUTURE,BID,3071.0,677
21:32:58,ESX-FUTURE,ASK,3029.0,600
21:32:59,ESX-FUTURE,BID,3028.0,875
21:32:59,SP-FUTURE,BID,3071.0,621
21:33:01,SP-FUTURE,BID,3071.0,1189
21:33:01,ESX-FUTURE,BID,3027.0,16
21:33:01,SP-FUTURE,ASK,3072.0,1092
21:33:02,SP-FUTURE,ASK,3072.0,529
21:33:02,SP-FUTURE,BID,3071.0,118
21:33:02,ESX-FUTURE,ASK,3029.0,232
21:33:03,ESX-FUTURE,ASK,3029.0,297
21:33:04,SP-FUTURE,BID,3072.0,930
21:33:04,ESX-FUTURE,ASK,3028.0,631
21:33:05,SP-FUTURE,ASK,3072.0,1172
21:33:06,ESX-FUTURE,BID,3029.0,37
21:33:06,SP-FUTURE,ASK,3072.0,280
21:33:07,ESX-FUTURE,ASK,3029.0,1127
21:33:07,SP-FUTURE,ASK,3073.0,852
21:33:08,ESX-FUTURE,BID,3029.0,166
21:33:09,SP-FUTURE,ASK,3073.0,14
21:33:09,ESX-FUTURE,ASK,3029.0,553
21:33:10,SP-FUTURE,ASK,3073.0,771
21:33:11,SP-FUTURE,ASK,3073.0,747
21:33:11,ESX-FUTURE,BID,3029.0,2469
